5259 5967
718 690 786 771 aot
1002 686 1141 759 troni
1163 686 1503 761 rosrerrours
1533 646 1708 755 cirvr
1733 684 1943 755 rurnvn

725 792 1445 815 ........-....-......-...
1460 795 2243 823 -------.-.........

722 824 811 900 stolis
825 837 975 900 tribuitur
997 834 1083 922 apud
1107 837 1243 923 Coptos,
1264 838 1298 903 &
1319 838 1454 901 canoni·
1500 858 1719 913 uournvm,
1731 856 1764 918 p.
1782 842 1844 919 256.
1855 838 1901 902 De
1914 838 2235 925 tstszuseurtrmu„

723 906 786 987 ltus
802 932 842 999 38
861 920 1002 998 constare
1024 945 1167 1009 quorum
1184 942 1373 1011 argumenta
1388 921 1454 991 edi·
1499 946 1580 1012 quae
1598 923 1678 989 olim
1692 923 1746 987 sub
1762 924 1925 993 Barnabae
1945 929 2081 993 nomine
2103 926 2232 1011 exstitit,

749 1010 907 1073 'trouve
926 1012 1453 1093 tvnorrnvs,incommenrario
1498 1009 1562 1078 vid.
1578 1013 1932 1090 rno.1rr1errs,in
1953 1012 2098 1097 differret.
2117 1018 2156 1081 de
2169 1035 2234 1104 pa·

722 1094 768 1159 ad
780 1092 940 1181 historiam
952 1096 1158 1183 aethiopicam
1172 1116 1207 1185 p.
1221 1119 1295 1183 334.
1305 1100 1390 1183 seqq.
1420 1099 1455 1166 ὅτ
1497 1100 1598 1165 tribus
1610 1097 1734 1182 apostol.
1752 1095 1892 1163 eiusdem
1908 1098 2049 1166 biblioth.
2062 1119 2234 1191 petrapo-

724 1182 813 1246 cuius
827 1186 952 1249 mentio
967 1188 1109 1251 iniicitur
1122 1188 1157 1251 in
1171 1184 1342 1271 corfiffionc
1357 1186 1453 1251 Cleu-
1489 1186 1627 1273 stolicor.
1650 1184 1825 1269 praemissa,
1841 1194 1870 1267 §.
1885 1190 1953 1253 LII.
1968 1208 2001 1272 p.
2017 1208 2072 1274 171.

724 1265 771 1335 dii
792 1272 874 1356 regis
894 1268 1090 1357 Aethiopiae
1114 1271 1202 1359 apud
1221 1270 1372 1341 eumdem
1392 1292 1453 1339 ev·

734 1422 738 1431 ·
835 1390 945 1489 §.Vl
970 1393 1073 1465 luter
1086 1390 1217 1467 laeculi
1233 1388 1425 1492 apostolici
1440 1386 1636 1501 scriptores
1654 1389 1815 1467 refertur
1829 1416 1883 1467 ut
1894 1417 1914 1465 n
1927 1416 1953 1465 n
1963 1416 1983 1465 r
1993 1414 2021 1483 s,
2049 1391 2152 1469 cuius
2168 1416 2232 1469 ex-

725 1488 795 1565 stet
805 1489 909 1582 liber,
919 1486 1049 1589 pistor,
1061 1487 1273 1592 inscriptum
1297 1488 1338 1563 in
1354 1513 1432 1590 quo
1447 1489 1513 1563 relr
1539 1488 1636 1564 ionis
1656 1489 2124 1567 chriffiauaeiustitutiones
2139 1516 2233 1567 cou-

726 1586 850 1681 tiueri,
866 1585 1038 1663 nonnulli
1052 1586 1126 1679 fibi,
1144 1586 1208 1663 sed
1227 1610 1431 1691 perperam,
1441 1611 1492 1761 pe
1528 1582 1655 1663 uaseress
1681 1594 1696 1626 '³
1747 1590 1822 1689 Qi
1837 1610 1957 1667 autem
1975 1586 2138 1667 secundo
2160 1588 2235 1667 sae-

726 1685 814 1763 culo
829 1688 1037 1763 floruerunt
1052 1684 1219 1763 ecclesiae
1242 1685 1425 1779 doctores,
1466 1710 1530 1766 um
1552 1686 1594 1763 ab
1617 1686 1854 1765 ethnicorum
1875 1687 2063 1765 calumniis
2085 1688 2234 1790 religio-

726 1806 818 1859 nem
832 1784 1062 1861 christianum
1074 1786 1221 1862 strenue
1235 1786 1487 1878 vindicarunt,
1524 1786 1619 1861 varia
1633 1785 1732 1862 srmul
1758 1786 1945 1863 dodrinae
1966 1786 2080 1864 literae
2105 1789 2235 1890 cupito,

728 1904 846 1985 prout
859 1882 1000 1959 occasio
1014 1882 1164 1977 ferebat,
1178 1885 1416 1985 explicarunt.
1479 1884 1567 1962 Nec
1586 1908 1709 1960 tamen
1734 1886 1776 1960 iu
1795 1885 1851 1962 his
1869 1911 2022 1988 quoque
2036 1884 2234 1987 systemati-

729 2004 796 2057 cae
816 1982 987 2058 methodi
1007 1982 1287 2087 deprehendere
1309 1983 1396 2059 licet
1415 1983 1569 2084 vestigia.
1594 1990 1627 2025 *¹*
1699 1984 1879 2085 ldemqne
1897 1984 1943 2059 de
1965 2008 2109 2086 patrum
2128 1986 2232 2060 tertii

730 2075 861 2156 saeculi
876 2083 1130 2157 monumentis
1144 2080 1382 2173 censendum,
1403 2081 1469 2158 uili
1484 2080 1589 2183 quod
1604 2106 1680 2159 our
1693 2106 1832 2159 cenes
1856 2082 2007 2161 inlibris
2028 2084 2101 2201 mg}
2116 2085 2231 2186 ἀρχῶν

729 2177 915 2257 eiusmodi
934 2180 1025 2283 quid
1037 2181 1079 2256 in
1092 2202 1218 2256 mente
1232 2179 1389 2257 hebuilsc
1405 2182 1580 2257 credatur.
1606 2184 1671 2221 *⁰

841 2297 1068 2379 *nentrum
1094 2318 1263 2383 perperam
1293 2293 1460 2361 nonnullis
1503 2295 1771 2382 ipfiarrestimonio
1791 2300 1859 2381 efer
1870 2298 1982 2385 fuisse5
2010 2296 2115 2384 histor.
2138 2299 2235 2383 ecclefi

728 2404 903 2463 renunes
917 2383 1031 2467 didus,
1045 2381 1134 2451 ident
1151 2405 1170 2449 a
1190 2380 1382 2470 quibusdam
1402 2382 1460 2449 else
1503 2384 1556 2449 b'b.
1571 2387 1630 2448 ΠΙ.
1644 2404 1668 2449 c.
1685 2387 1743 2449 111.
1787 2383 1846 2451 Sed
1860 2382 1882 2450 st
1899 2386 1947 2451 vel
1960 2390 2096 2452 maxime
2117 2407 2234 2453 tonce-

727 2468 881 2552 ereditur,
898 2472 1296 2551 cuiusl'aulusRom.XVI,
1311 2490 1356 2553 14.
1371 2490 1461 2535 men·
1504 2467 1659 2549 derernus,
1683 2471 1889 2537 necessarium
1913 2472 2001 2538 liunt
2019 2474 2136 2539 librum
2158 2472 2232 2553 elle,

612 2566 616 2583 '
731 2558 858 2625 tionem
871 2560 987 2625 inlicit.
1031 2554 1459 2645 Qridquidhuiusfitmpuo,
1502 2559 1541 2623 iis
1557 2557 1748 2641 praesertim,
1765 2561 1821 2645 qui
1836 2560 1948 2643 primis
1971 2560 2132 2646 religionis
2147 2560 2235 2627 chti-

730 2644 822 2731 quod
836 2642 891 2711 sub
912 2650 978 2713 eius
997 2648 1134 2713 nomine
1153 2642 1252 2713 hodie
1276 2641 1393 2723 eistat,
1424 2644 1460 2707 in
1502 2642 1621 2711 stianae
1645 2644 1808 2712 elementis
1828 2646 2050 2728 instituuntur,
2070 2646 2158 2733 quod
2175 2645 2232 2713 ad-

730 2750 798 2801 tres
810 2734 909 2798 libros
930 2729 1068 2799 diuisum
1093 2728 1146 2812 est,
1166 2752 1306 2819 quorum
1327 2732 1459 2816 primus,
1502 2730 1573 2797 serit
1586 2752 1798 2808 tvseorvse
1821 2731 1895 2799 inde
1910 2750 2016 2799 tamen
2036 2758 2106 2801 non
2126 2734 2233 2820 sequi·

730 2836 871 2905 quatuor
892 2818 1026 2885 visiones
1046 2820 1230 2897 continens,
1250 2817 1382 2901 eccbstae
1400 2836 1461 2881 no·
1502 2834 1565 2897 tur,
1594 2836 1629 2883 vt
1650 2818 1805 2884 elementa
1841 2818 2006 2886 dodrinae
2026 2821 2234 2904 christianae,

730 2906 823 2973 mine
837 2904 966 2993 gaudet,
989 2904 1155 2988 secundus,
1176 2901 1349 2972 duodecim
1369 2922 1459 2967 mun·
1503 2906 1633 2991 eiusque
1646 2908 1750 2991 capita
1763 2909 1872 2971 omnia
1888 2910 2063 2973 contineat.
2133 2910 2235 2977 Certe

731 2988 808 3061 data
829 2991 1122 3081 comprehendens,
1143 2991 1252 3079 pastor
1268 2990 1458 3069 inscribitur,
1502 3011 1573 3058 non
1589 2994 1765 3075 continere,
1786 2992 1860 3057 licet
1879 2988 2045 3058 hincinde
2067 2998 2236 3062 nonnullo

729 3085 843 3149 tertius
866 3101 976 3149 autern
1005 3104 1024 3145 a
1050 3079 1161 3146 decem
1188 3074 1458 3157 fimilitudinibus,
1502 3078 1635 3164 inspersa
1650 3074 1723 3161 sint,
1738 3099 1765 3145 e.
1778 3098 1810 3165 g.
1826 3076 1865 3145 de
1870 3079 1934 3165 fide
1949 3080 1982 3143 in
1996 3101 2093 3145 vnum
2114 3086 2236 3165 Deum,

756 3192 810 3235 uas
825 3168 1060 3255 complebitur,
1070 3165 1310 3251 stmr'lirudinum
1322 3164 1459 3231 vocein-
1502 3166 1557 3231 lib.
1574 3164 1800 3231 emundator.
1822 3164 1873 3233 sed
1888 3166 2038 3253 pleraque
2059 3164 2100 3234 ad
2121 3190 2236 3237 mores

730 3192 875 3343 agnitor.
942 3252 1082 3320 Subinde
1106 3272 1214 3317 tamen
1231 3270 1340 3318 toturn
1359 3248 1458 3316 hocce
1502 3248 1691 3318 formandos
1706 3248 1890 3339 comparata
1906 3252 1974 3333 elle,
1991 3252 2087 3339 idque
2104 3252 2235 3322 lineor-

730 3362 909 3411 eaeuurae
930 3362 1029 3426 opus,
1046 3339 1180 3426 pastoris
1207 3342 1341 3404 nomine
1358 3340 1458 3416 venit,
1504 3339 1577 3406 dine
1593 3334 1812 3415 sllemaricoe
1836 3342 1868 3407 δι
1885 3361 1929 3405 res
1944 3338 2022 3425 ipsa,
2041 3344 2075 3409 dc
2095 3340 2234 3431 analylrs

731 3425 812 3517 quin
826 3432 929 3494 immo
943 3427 1009 3514 ipse
1031 3447 1207 3501 neumas
1229 3450 1248 3491 a
1268 3422 1460 3511 quibusdam
1505 3428 1577 3492 libri
1591 3362 1937 3511 docet,quamexhibet
1950 3447 2164 3497 nicotrvs
2189 3452 2234 3497 tr:

724 3514 834 3605 pastor
847 3514 1013 3585 salutatur.
1078 3515 1182 3581 Prima
1197 3516 1359 3601 religionis
1381 3510 1462 3577 chri·
1507 3534 1697 3594 noviter,
1718 3516 1754 3579 in
1773 3514 1931 3599 adparatu
1951 3516 1995 3577 ad
2014 3516 2235 3583 bibliothecam

730 3600 851 3673 llianae
862 3606 899 3669 in
910 3628 950 3673 eo
965 3604 1125 3668 contineri
1138 3598 1356 3683 fundamenta,
1379 3618 1462 3665 non·
1507 3603 1679 3666 maximam
1687 3600 1829 3686 pienum,
1842 3601 1951 3687 differt.
1966 3606 2023 3665 IV.
2045 3604 2135 3669 artic.
2154 3607 2181 3669 1.
2196 3623 2235 3687 p.

729 3690 837 3760 nullos
845 3689 1052 3771 credere,uon
1058 3686 1344 3770 miror,cumfacile
1354 3689 1465 3752 ineam
1508 3710 1563 3773 47.
1606 3688 1747 3775 Magnae
1760 3689 1948 3773 ceteroquin
1961 3686 2048 3755 hunc
2064 3691 2178 3759 librum
2192 3695 2231 3757 in

728 3780 805 3848 illos
813 3776 963 3848 inducere
970 3778 1157 3847 sententiam
1166 3777 1464 3863 potueritevseervs,
1507 3770 1635 3841 ecclesia
1648 3772 1737 3841 fuilse
1751 3774 1961 3854 auctoritatis,
1977 3775 2114 3843 constat.
2157 3799 2231 3843 nte-

733 3870 851 3955 quippe
863 3872 930 3953 qui,
948 3890 1023 3935 cum
1048 3862 1181 3943 dixillet,
1202 3861 1291 3929 hunc
1312 3862 1463 3927 libruma
1506 3882 1613 3929 natvs
1629 3882 1769 3947 namque
1778 3862 1833 3927 sub
1838 3862 2234 3945 stripruraeuomineeum

731 3953 898 4023 nonnullis
910 3959 946 4022 in
959 3952 1094 4022 dubium
1117 3968 1280 4030 vocaturn,
1303 3970 1362 4015 nec
1379 3950 1463 4013 inter
1506 3944 1642 4035 adlegat,
1656 3948 1710 4013 b'b.
1725 3950 1782 4014 IV.
1798 3968 1825 4017 c.
1843 3952 2005 4014 XXXVII.
2072 3974 2231 4019 cretaeus

730 4044 832 4111 libros
845 4062 990 4130 receptae
1011 4038 1209 4113 auctoritatis
1229 4034 1317 4125 poffe
1336 4032 1463 4114 censeri,
1506 4032 1738 4102 Alexandrinus
1751 4036 1903 4102 virtutem
1924 4036 2064 4103 Hermae
2079 4042 2114 4104 in
2137 4062 2229 4106 reue-

731 4128 843 4201 addit:
865 4144 912 4217 ,50'
923 4144 1013 4217 errem
1040 4144 1062 4201 t·
1081 4142 1282 4213 immernor
1307 4132 1345 4203 be
1366 4146 1463 4201 uene.
1505 4124 1627 4189 latione
1641 4136 1719 4205 brine,
1732 4120 1785 4189 seu
1799 4122 1915 4205 diuinc,
1929 4124 2109 4210 loquutam,
2126 4132 2232 4194 intro-

730 4212 1118 4303 temxiemedmuemeo'
1189 4242 1238 4291 m·
1274 4208 1316 4274 ab
1329 4206 1460 4275 aliisue·
1502 4207 1600 4291 ducit,
1616 4208 1669 4275 lib.
1684 4214 1710 4275 1.
1715 4206 1824 4295 strom.
1835 4229 1868 4295 p.
1888 4232 1931 4299 en.
1941 4218 2008 4295 356.
2053 4234 2230 4297 ortonnes,

729 4326 767 4371 ro
780 4304 916 4369 maxime
929 4298 1105 4385 necffarius
1120 4235 1288 4379 llilllfcarm,
1308 4297 1349 4361 iis
1364 4314 1458 4383 prae·
1501 4294 1626 4364 huncce
1638 4297 1779 4363 Hermae
1794 4298 1912 4363 librum
1925 4294 2079 4367 diuinitus
2092 4302 2231 4389 inspira·

720 4392 842 4476 sertim,
856 4382 1320 4473 quiprimisreligionirnostrae
1333 4382 1458 4447 clemen·
1501 4400 1584 4461 tum,
1597 4384 1729 4465 censuit,
1743 4385 1902 4469 explanat.
1922 4387 1956 4449 in
1978 4388 2058 4471 epist.
2079 4392 2122 4455 ad
2140 4398 2232 4457 Rom.

732 4470 1052 4561 risinstiruendifhnr.
1099 4470 1185 4537 Vnde
1197 4475 1305 4551 etiam,
1324 4472 1369 4535 ira
1388 4490 1457 4555 per·
1502 4469 1556 4537 b'b.
1569 4474 1608 4537 X.
1688 4492 1949 4539 arnunrsrvs
1987 4475 2136 4545 eumdem
2159 4499 2231 4543 tan-

731 4568 790 4653 git,
804 4566 837 4627 in
852 4560 972 4645 ecclestis
979 4577 1048 4624 eum
1051 4556 1172 4642 publice
1185 4559 1242 4646 legi
1247 4558 1459 4642 comperientes,
1503 4579 1603 4646 quam
1615 4552 1815 4625 vtilillimum
1829 4558 2047 4643 commendat,
2066 4564 2105 4634 de
2124 4568 2229 4633 incar·

732 4652 774 4729 ὅ
796 4646 946 4741 quosdam
971 4666 1010 4719 ex
1037 4639 1237 4733 vetustifflmi's
1254 4644 1459 4734 scriptoribus
1503 4646 1629 4715 natione
1641 4646 1737 4735 verbi,
1747 4666 1783 4737 p.
1788 4666 1840 4735 Π.
1884 4648 1925 4717 In
1938 4648 2072 4723 eedeun
2087 4652 2232 4807 nonnulli·

2223 4760 2238 4805 s
