5259 5967
723 721 789 792 DE
810 716 1121 790 THEOLOGIA
1143 714 1375 785 THETICA
1399 720 1490 789 SEV
1512 716 1851 792 DOGMATICA.
2000 744 2062 805 331

553 864 682 939 &orest
695 882 951 939 avuuriuvs,
975 858 1082 923 annal.
1102 859 1205 926 Boior.
1230 859 1286 925 lib.
1326 862 1434 945 pisqor
1450 857 1523 924 ideo
1544 859 2058 951 Thomistariimnomenelogium-

558 961 616 1025 Vl.
626 976 660 1041 p.
674 956 744 1033 624.
789 951 862 1029 Eos,
878 952 935 1031 qni
956 944 996 1013 de
1019 943 1103 1011 liisce
1124 942 1286 1012 scholasti·
1332 968 1394 1031 que
1410 950 1596 1032 promeruit.
1640 946 1778 1035 Legendi
1793 947 1832 1015 de
1847 972 1886 1015 eo
1903 971 2058 1037 timoniu-

554 1062 672 1110 corum
696 1034 921 1105 controuersiis
941 1035 1031 1119 plura
1056 1030 1190 1112 dabunt,
1221 1037 1287 1099 iam
1333 1054 1398 1114 rii,
1415 1036 1449 1101 ἃ
1466 1054 1543 1100 irc.
1559 1053 1741 1114 eerraira,
1754 1038 1789 1100 in
1796 1038 1998 1121 scriptoribus
2007 1060 2056 1102 or-

556 1128 699 1207 laudam,
712 1140 798 1210 part.
819 1128 844 1187 l.
860 1144 885 1187 c.
902 1126 957 1187 lV.
976 1122 1021 1183 ari
1038 1130 1068 1203 §.
1088 1124 1188 1185 XXII.
1216 1124 1287 1206 qui·
1331 1120 1414 1185 dinis
1428 1121 1681 1205 praedicatorum
1700 1124 1858 1207 recenſstir,
1882 1140 1955 1188 rom.
1976 1128 2000 1190 I.
2020 1144 2055 1209 p.

557 1219 616 1284 bus
640 1210 819 1299 iungendus
845 1228 909 1274 an.
937 1228 1286 1288 rniaaiiciiovivs,
1331 1227 1397 1290 795.
1463 1206 1645 1294 Iungendus
1665 1206 1802 1293 denique
1829 1207 1923 1285 hisce,
1943 1214 1997 1296 qui
2020 1214 2055 1276 in

557 1302 757 1371 dedollarii'i.
765 1294 906 1385 filiolost.
928 1317 954 1361 c.
979 1300 1016 1359 V.
1027 1314 1061 1378 p.
1075 1316 1145 1377 ²²4·
1170 1296 1204 1360 ἃ
1225 1316 1287 1360 air.
1332 1295 1424 1360 tertia
1437 1291 1497 1359 hac
1519 1311 1619 1360 aetate
1643 1315 1759 1379 agmen
1780 1294 1916 1375 claudat,
1940 1317 2055 1365 aiau.

558 1408 718 1468 nonnius,
745 1383 849 1471 histor.
871 1382 981 1467 philost
996 1381 1049 1446 lib.
1071 1386 1126 1445 Η.
1146 1402 1171 1445 c.
1199 1386 1235 1445 V.
1251 1399 1288 1466 p.
1330 1403 1437 1460 aiei,
1465 1382 1644 1460 Heluetius,
1666 1380 1851 1467 &quidem
1873 1384 2055 1469 ligurinus,

554 1496 621 1562 joo.
665 1476 768 1541 Noua
790 1474 898 1555 itaque
921 1471 956 1536 dt
979 1468 1055 1534 liinc
1076 1465 1290 1553 syllcniaticae
1333 1484 1398 1546 aut,
1419 1487 1455 1533 vt
1472 1468 1529 1533 alii
1550 1469 1682 1547 volunt,
1705 1467 1865 1554 Spirenfis,
1887 1474 1955 1553 vel,
1974 1491 2056 1557 quae

559 1562 745 1647 theologiae
754 1555 899 1643 adspersa
912 1555 955 1622 est
971 1556 1071 1628 labes,
1094 1576 1168 1618 cum
1188 1557 1289 1619 moris
1330 1557 1472 1620 aliorum
1491 1554 1535 1621 est
1550 1555 1716 1634 sententia,
1731 1556 1948 1641 Tubingcnlis,
1973 1575 2057 1623 certe

562 1648 646 1725 elset,
660 1668 774 1713 omnes
791 1646 1041 1711 contentionum
1055 1644 1091 1707 dt
1112 1643 1289 1726 litigiorum
1334 1644 1368 1707 in
1384 1640 1545 1707 academia
1568 1639 1760 1728 Tubingensi
1781 1640 1923 1709 dodoris
1944 1665 2056 1710 mune·

560 1734 666 1803 sordes
687 1736 723 1799 in
739 1729 910 1819 systemata
933 1729 1114 1811 theologica
1137 1726 1289 1793 deriuare.
1335 1752 1368 1795 re
1385 1728 1524 1806 lundlus,
1539 1752 1578 1793 eo
1592 1732 1710 1814 quippe
1738 1731 1777 1794 ab
1798 1730 1980 1796 Eberhardo
2003 1753 2059 1796 co·

566 1824 801 1891 ueocciiio
817 1838 916 1904 porro
933 1812 1083 1901 legendus
1103 1836 1174 1879 ivc.
1192 1836 1290 1879 uuin-
1335 1819 1413 1881 mite
1426 1818 1711 1901 Wurtcnbergico,
1726 1818 1780 1901 qni
1796 1839 1847 1881 an.
1865 1836 1948 1899 1477
1968 1816 2058 1883 illam

570 1930 696 1988 uineis,
711 1905 751 1972 de
761 1906 869 1989 script.
890 1904 1009 1967 ordinis
1028 1903 1167 1966 minerii.
1184 1920 1219 1987 p.
1236 1923 1289 1981 155·
1336 1901 1532 1969 academiam
1546 1899 1744 1979 condiderat,
1760 1921 1920 1981 euocatus,
1940 1926 1975 1969 vr
1989 1903 2060 1971 the·

574 2000 616 2063 Ex
628 1994 742 2063 eodem
762 1993 886 2058 saeculo
908 1989 1035 2055 decimo
1056 2006 1185 2073 quarto,
1222 2010 1291 2073 quo
1336 1992 1480 2075 ologiam
1510 1991 1544 2055 ὃ(
1577 1987 1819 2075 philosophiam
1847 1993 1891 2056 ibi
1918 1988 2058 2057 doceret.

577 2102 765 2150 occamvs
789 2082 886 2156 vixit,
914 2077 1164 2143 commemorari
1187 2074 1292 2141 adbuc
1336 2079 1443 2143 Huius
1462 2072 1574 2143 itidem
1597 2080 1633 2142 in
1652 2078 1749 2141 libros
1767 2094 1903 2161 quatuor
1921 2079 2060 2165 magistri

580 2170 691 2257 possent
706 2186 794 2234 aar.
809 2184 1063 2237 iiiuvnanvs,
1078 2183 1199 2229 avoir.
1215 2183 1293 2229 avit·
1325 2164 1553 2251 potentiarum
1574 2160 1696 2229 exstant
1722 2168 1963 2246 commentaria,
1978 2164 2060 2233 Basi-

583 2257 796 2332 itii'5,doilor
809 2252 924 2337 planas
936 2270 973 2312 ac
988 2251 1159 2332 perspicuos
1179 2248 1293 2327 dietus,
1338 2253 1405 2317 leae
1426 2272 1478 2313 an.
1499 2270 1580 2330 1512
1600 2252 1634 2317 dt
1648 2252 1722 2315 alibi
1736 2249 1830 2316 edita.
1881 2254 2059 2338 Diligenter

584 2363 754 2411 ieiunas
773 2362 826 2409 oie
844 2336 1193 2421 iauuvuomliique,
1208 2356 1291 2421 quo·
1341 2335 1518 2421 &copiose
1533 2334 1573 2402 de
1595 2337 1696 2404 hocce
1715 2336 1849 2404 dodore
1873 2337 2059 2406 scholastico

585 2450 640 2495 nim
654 2434 687 2497 in
700 2429 795 2493 libros
806 2426 1030 2508 finiendorum
1052 2421 1173 2488 exstant
1202 2443 1292 2487 com·
1337 2424 1820 2505 disserit10.1ac.irosravs,
1843 2430 1875 2491 in
1899 2428 1970 2490 ritis
1986 2446 2061 2510 pro-

587 2518 736 2589 mentariie
759 2509 855 2591 sed,sr
867 2532 982 2577 omnes
996 2509 1152 2575 recensere
1164 2511 1292 2587 vellem,
1327 2512 1472 2597 fiffirom
1490 2510 1728 2595 Tuliingenstum,
1749 2512 1850 2579 decad.
1868 2517 1895 2577 1.
1915 2534 2001 2578 num.
2018 2515 2060 2578 ΙΙ.

588 2604 675 2669 rullus
688 2602 751 2668 fere
766 2601 861 2667 huius
876 2600 992 2663 laboris
1008 2593 1081 2661 linis
1093 2595 1186 2663 soret.
1203 2598 1294 2660 Prae·
1333 2618 1365 2683 p.
1380 2619 1418 2662 ai.
1426 2599 1509 2681 seqq.
1554 2598 1687 2663 Interim
1702 2597 1840 2664 feliciora
1859 2601 1925 2665 iam
1945 2597 2062 2684 adpro·

587 2685 793 2757 remittendus
809 2704 916 2751 tamen
930 2682 1058 2749 nonest
1079 2705 1232 2749 irritis
1250 2703 1293 2746 nr
1338 2684 1537 2770 pinqiiabant
1566 2701 1722 2768 tempora,
1745 2685 1777 2750 ἀ
1798 2708 1922 2768 aurora,
1948 2687 2064 2752 orituri

583 2795 764 2854 ciriaco,
778 2767 1019 2857 Compediensis
1036 2769 1158 2851 Gallus,
1169 2772 1291 2855 quicir·
1335 2792 1412 2837 mox
1426 2770 1510 2850 lblis,
1530 2771 1705 2859 orbemque
1731 2772 1954 2841 litteratum&
1977 2772 2063 2841 chri-

583 2860 715 2931 casinem
729 2861 840 2928 laeculi
860 2880 913 2925 xiv
934 2860 968 2924 ὅ(
990 2858 1119 2921 initium
1138 2876 1180 2929 xii
1201 2858 1291 2935 vixit,
1336 2857 1471 2924 llianum
1489 2854 1710 2931 collustraturi,
1727 2858 1822 2926 index
1836 2859 1954 2928 aderat.
1999 2866 2065 2926 lm-

579 2954 710 3039 primum
724 2947 905 3014 academiae
920 2941 1089 3009 Parisienfir
1109 2943 1291 3009 cancellari·
1336 2946 1466 3011 molam
1474 2963 1574 3023 etant,
1583 2944 1967 3031 quibusscholallicorum
1975 2950 2064 3033 quis-

551 3108 556 3119 ,
576 3060 618 3121 ur,
630 3034 913 3121 deindeepiscopus
922 3028 1167 3111 Cameracensis,
1176 3054 1214 3096 ac
1223 3048 1292 3094 tan·
1337 3031 1455 3118 quiliae
1469 3029 1593 3098 sordere
1613 3034 1819 3119 incipiebant.
1887 3035 1921 3099 ln
1943 3032 1993 3100 his
2014 3054 2066 3100 io.

575 3114 1293 3203 demcardinalis,idemque0blibellum,dee·
1336 3138 1545 3184 wrssriis
1573 3139 1806 3189 arimanni
1829 3120 1906 3201 fiili,-
1942 3142 2066 3207 cogno·

572 3199 1293 3295 mendacioreecclefiac,conciliiConllantiensis
1338 3225 1451 3272 mento
1466 3226 1766 3289 eansaoitrivs,
1786 3228 1881 3296 genre
1903 3208 1998 3290 Friso,
2021 3200 2072 3273 ci?

512 3370 514 3377 ,
568 3302 711 3391 patribus
725 3295 882 3374 oblatum,
898 3284 1088 3358 norissimus.
1133 3292 1293 3355 l'aiitani·
1338 3291 1715 3377 iiirareGroeningensis,
1730 3296 2072 3375 viromnilitterarum⁴

569 3392 689 3455 mirum
708 3388 775 3449 eius
803 3380 865 3447 fuit
890 3380 1085 3458 auctoritas,
1123 3399 1159 3443 vr
1185 3376 1294 3461 aquila
1339 3400 1455 3467 genere
1475 3400 1535 3464 pro
1565 3378 1676 3445 saeculi
1701 3381 1890 3449 conditione
1914 3383 2066 3451 excultus.

512 3495 515 3535 i
567 3470 766 3544 Franciae&
781 3469 943 3533 molliora
963 3468 1094 3529 veritate
1115 3465 1293 3529 aberranti-
1336 3469 1480 3533 Graecae
1495 3468 1661 3544 nimirum,
1679 3468 1986 3548 latinae,&ebraeae
2005 3472 2067 3536 lin·

567 3584 621 3629 m
633 3553 971 3642 iridefiffiis,diceretur,
987 3548 1293 3638 scripsitqueitidem,
1334 3575 1417 3642 :guae
1427 3555 1557 3639 peritus,
1571 3549 2066 3644 scholasticoruminepriascon·

568 3663 695 3737 praeter
707 3646 780 3723 alia,
795 3641 1028 3705 commentarios
1041 3640 1187 3705 irrueriri
1204 3638 1299 3701 libros
1342 3660 1486 3706 temnere
1500 3641 1621 3724 coepit,
1637 3643 1741 3705 immo
1763 3663 1902 3729 eousque
1923 3642 2067 3737 progres-

565 3752 706 3823 quatuor
710 3731 946 3815 sententiarum,
963 3724 1300 3813 itemquequaessiones
1341 3729 1395 3795 sus
1414 3725 1472 3805 cll,
1485 3745 1520 3790 vt
1534 3728 1698 3793 Platonem
1710 3727 1879 3813 praeferrer
1889 3727 2067 3798 Aristoteli.

560 3826 620 3908 stu
629 3818 785 3906 principia
801 3817 833 3879 in
847 3815 973 3878 eosdem.
1040 3813 1197 3899 Magnam
1216 3832 1299 3897 quo·
1344 3817 1375 3881 Si
1390 3818 1460 3899 quis
1480 3834 1676 3895 tironiae,
1703 3835 1757 3880 aur
1778 3817 1906 3883 alterius
1925 3814 2067 3886 dodloris

573 3931 641 3995 que
655 3903 777 3971 saeculo
798 3900 922 3968 decimo
947 3901 1063 3985 quinto
1083 3901 1300 3966 celebritatem
1344 3897 1516 3967 scholastici
1529 3901 1753 3967 aulloritatem
1766 3905 1794 3967 ei
1810 3922 2002 3990 opponeret,
2019 3924 2067 3969 re·

572 3990 786 4076 consequutus
794 3988 838 4055 est
850 4008 893 4052 io.
911 4006 1159 4066 cainaoivs,
1173 3984 1298 4051 Tholo·
1342 3986 1495 4074 spondere
1512 3986 1651 4055 solebat:
1678 3988 2007 4074 lliorriasfairdoilor,
2029 3991 2068 4061 θ’

571 4082 683 4157 sanus,
707 4074 811 4143 ordini
834 4071 1091 4161 praedicatorum
1112 4072 1297 4158 adscriptus,
1343 4096 1394 4162 ego
1402 4076 1473 4158 sirm
1484 4076 1599 4142 dolior.
1649 4074 1779 4143 Thomas
1794 4080 1847 4143 vix
1866 4078 1962 4142 latine
1979 4076 2068 4141 intil-

569 4159 788 4237 Thomilli'cae
804 4161 968 4228 dodlrinae
982 4164 1152 4226 acerrimus
1171 4158 1298 4225 vindex.
1344 4164 1431 4243 lixit,
1447 4164 1486 4233 θ’
1496 4163 1757 4249 voilinguirfuir3
1779 4186 1831 4251 ego
1846 4164 2068 4252 triumli'ngrm-

571 4258 613 4324 ln
633 4253 728 4320 libros
756 4269 895 4335 namque
923 4264 1058 4333 quatior
1073 4249 1301 4331 sententiarum
1343 4271 1414 4313 rum
1423 4250 1643 4333 principalium
1657 4252 1837 4317 mediocrem
1845 4254 1993 4339 peritiam
2012 4254 2069 4319 ad·

574 4339 799 4407 commentaria
819 4332 948 4420 scripsit,
977 4351 1048 4399 tum
1072 4335 1161 4413 alias,
1182 4352 1253 4400 tum
1266 4333 1300 4401 dt
1336 4339 1483 4421 sequutus
1486 4337 1567 4418 firm.
1616 4336 1746 4403 Thomas
1759 4341 1812 4403 rix
1835 4342 1974 4405 ambram
1993 4344 2080 4408 Ari..

576 4429 719 4495 Veneriis
740 4446 794 4490 an.
817 4442 901 4505 1514
921 4418 1015 4501 edita,
1042 4424 1077 4486 in
1112 4421 1227 4508 quibus
1249 4440 1300 4487 to.
1339 4422 1511 4512 stotelicam
1525 4424 1621 4503 oidir,·
1650 4445 1702 4511 ege
1717 4426 1907 4511 Aristotelem
1946 4418 2083 4493 raicam-

574 4510 1303 4590 scori,iamavrrorndtnominalium,
1350 4512 1463 4595 inipsa
1483 4513 1614 4575 Graecia
1632 4513 1705 4577 ridi.
1774 4515 1887 4580 Multis
1908 4448 2081 4585 ideoeum.

575 4616 851 4669 contrarriotraa
883 4597 1011 4683 placita,
1034 4598 1070 4660 in
1091 4592 1235 4660 medium
1249 4592 1305 4660 ad·
1352 4594 1556 4682 displicuisse,
1574 4615 1609 4663 iit
1627 4602 1724 4663 etiam
1739 4596 1900 4670 haereseos
1921 4619 2000 4668 nota
2022 4604 2067 4665 illi

573 4692 644 4759 lara
670 4702 871 4774 argumenta,
900 4680 1024 4753 llrenue
1044 4680 1168 4763 refellit,
1187 4682 1307 4769 princi·
1352 4678 1517 4835 inustapt,
1534 4687 1654 4753 mirum
1665 4707 1737 4753 non
1750 4684 1805 4757 est.
1849 4688 2067 4758 Aieiunailla

1506 4786 1554 4838 Η
