5259 5967
540 678 605 757 258
893 663 1728 753 manianioniscnavrovanrvm

541 788 550 799 ,
583 772 2052 803 ,ἬΜ

545 815 1274 907 derevidentur,sisecundumgenuinumStoi-
1319 835 1436 881 nortus
1451 810 1581 896 disserit,
1595 815 1714 897 adoerfi
1726 834 1843 902 genter,
1868 818 1921 884 sib.
1943 824 2001 887 Isi.
2020 842 2057 909 p.

548 930 604 975 cae
637 902 860 991 philosophiae
894 903 1026 993 systema
1062 907 1273 991 explicentur,
1320 921 1376 985 105.
1432 902 1520 968 Libri
1545 924 1644 988 porro
1667 922 1730 971 tres
1744 901 1783 970 de
1795 924 1913 969 natura
1929 909 2058 977 deorum

546 996 706 1060 summam
722 993 812 1077 saepe
828 1010 935 1080 tegant
946 996 1157 1079 impietatem,
1174 993 1275 1059 vtali-
1319 988 1396 1055 ideo
1412 1009 1544 1074 quoque
1555 990 1638 1055 leslu
1653 986 1740 1077 digni
1754 992 1834 1070 sunt,
1859 992 1948 1078 quod
1961 1016 2052 1081 grae·

549 1082 583 1147 bi
596 1076 860 1146 demonstratum.
904 1082 953 1146 De
972 1098 1277 1164 orarocnrrtpa·
1321 1096 1434 1142 corum
1446 1072 1717 1160 philosophorum
1731 1075 1770 1145 de
1782 1082 1854 1146 Deo
1879 1081 2055 1153 sententiae

548 1168 624 1235 riter
645 1188 681 1229 ac
712 1187 880 1234 rrrcvrtr
906 1167 1070 1253 theologia
1092 1170 1146 1231 vix
1168 1166 1277 1233 eximii
1320 1165 1357 1229 in
1373 1165 1412 1227 iis
1426 1161 1574 1228 adcurate
1590 1163 1774 1247 referantur,
1789 1165 1946 1253 quaedam
1956 1173 2055 1239 etiam

549 1251 628 1340 quid
639 1249 695 1318 sibi
707 1252 923 1339 pollicebitur,
944 1257 1000 1341 qui
1021 1255 1222 1339 cogitauerit,
1234 1252 1279 1316 il·
1323 1248 1491 1336 diligenter
1515 1249 1747 1335 expendantur.
1808 1256 1896 1318 Dum
1917 1276 1993 1321 vero
2016 1260 2055 1325 in

548 1342 619 1409 lum
633 1361 708 1405 cum
732 1361 893 1406 nrvcrrro
914 1339 1125 1408 mundumex
1144 1338 1279 1405 fortuito
1322 1334 1435 1405 iisdem
1450 1357 1596 1416 corrn,
1612 1356 1724 1404 contra
1746 1361 1860 1408 omnes
1883 1342 2054 1429 colloquu-

550 1444 739 1494 atomorum
762 1427 917 1493 concursu
938 1431 981 1492 ita
1004 1423 1224 1506 construxisse,
1244 1442 1280 1491 vt
1324 1441 1421 1505 tores,
1442 1426 1498 1510 qui
1517 1420 1727 1491 exsistentiam
1745 1423 1882 1492 deorum
1904 1424 2055 1496 desende-

550 1518 587 1581 in
600 1535 639 1580 eo
653 1512 863 1598 producendo
880 1516 914 1581 &
929 1510 1148 1579 conseruando
1156 1513 1280 1579 nullam
1324 1513 1413 1589 bant,
1428 1511 1597 1577 visloriam
1613 1511 1725 1579 referre
1732 1511 1875 1589 videtur,
1897 1516 2054 1581 nonnulli

550 1603 612 1668 Dei
640 1596 800 1665 aduocare
829 1621 963 1684 operam
991 1599 1109 1666 necesse
1134 1597 1280 1673 duceret3
1323 1601 1360 1664 in
1374 1618 1443 1664 eam
1457 1592 1581 1684 ingressi
1597 1598 1670 1665 sunt
1683 1599 1880 1679 sententiam,
1895 1623 1962 1667 non
1975 1625 2052 1689 pro-

551 1686 640 1755 hunc
654 1683 801 1771 equidem
814 1685 854 1752 ad
869 1705 1009 1753 mortem
1015 1684 1198 1752 euitandam
1208 1688 1278 1751 Deo
1324 1687 1376 1751 cul
1390 1685 1585 1750 Ciceronem
1600 1688 1639 1751 ab
1656 1686 1828 1753 atheorum
1845 1686 1973 1757 abfuisse
1987 1693 2052 1757 im-

551 1775 588 1839 in
604 1769 763 1860 systemate
777 1771 902 1852 suo,sen
920 1770 1143 1839 intermundiis
1159 1774 1279 1859 potius,
1323 1775 1450 1859 pietate.
1495 1772 1590 1838 Certe
1602 1776 1641 1839 ab
1659 1795 1752 1841 nur.
1767 1795 1952 1841 corrruo
1966 1780 2053 1843 inter

552 1854 733 1926 concessisse
747 1859 866 1933 locum.
882 1858 935 1927 sed
948 1882 967 1926 a
986 1856 1099 1926 mundi
1124 1862 1279 1946 guberna·
1323 1860 1416 1926 ubere
1430 1860 1597 1945 cogitantes
1611 1860 1754 1942 refertur,
1768 1865 1804 1927 in
1823 1863 1952 1945 discurfic
1964 1866 2001 1928 de
2013 1864 2055 1928 o·-

552 1948 656 2025 tione,
670 1967 775 2011 rerum
800 1969 839 2013 ue
856 1945 1072 2013 humanarum
1090 1945 1279 2023 diredlione,
1322 1948 1441 2013 bettore
1455 1948 1621 2033 cogitandi,
1634 1967 1667 2031 p.
1683 1960 1742 2030 198.
1749 1949 1833 2035 seqq.
1845 1951 1931 2015 cuius
1939 1970 2054 2016 tamen

578 2054 652 2097 uam
676 1966 856 2119 longislime
877 2034 1057 2101 remouisse.
1099 2036 1181 2099 Non
1199 2053 1278 2099 vero
1323 2055 1408 2099 ame
1424 2033 1608 2099 confutatae
1632 2034 1703 2099 simt
1723 2038 1871 2113 rationes,
1893 2035 1928 2099 in
1941 2036 2052 2119 thestb.

553 2055 676 2198 desunt,
691 2124 746 2206 qui
760 2123 796 2187 dr
804 2123 1037 2200 Democritum,
1054 2120 1280 2207 &Epicurum
1323 2121 1360 2185 de
1371 2118 1516 2204 atheismo
1531 2119 1722 2206 &superstit
1736 2143 1762 2188 c.
1782 2125 1806 2187 1.
1829 2119 1870 2187 ad
1892 2127 1922 2201 §.
1944 2126 2054 2189 XXII.

544 2204 752 2285 defendunt,
789 2208 945 2292 illumque
972 2210 1108 2273 omnino
1129 2204 1281 2273 admisisse
1319 2226 1482 2293 p.9o.1oo.
1525 2205 1602 2272 Vidi
1617 2204 1776 2294 deinceps,
1791 2211 1889 2275 etiam
1904 2230 1974 2277 rsa·
1992 2229 2057 2274 rn-

545 2293 672 2374 Deum,
687 2314 745 2358 nec
758 2290 844 2359 hunc
858 2293 1003 2361 diuinam
1025 2298 1060 2360 in
1071 2292 1206 2361 dubium
1219 2314 1278 2357 vo·
1324 2314 1569 2379 QlELoTIVM
1584 2295 1779 2361 Ciceronem
1798 2292 1945 2365 atheismi
1958 2316 2056 2382 argu·

553 2379 645 2461 casse,
658 2378 868 2463 contendunt,
882 2379 1136 2467 prouidentiam
1159 2395 1281 2466 quosvt
1324 2400 1387 2459 ere,
1401 2380 1438 2442 de
1450 2378 1474 2442 l'
1493 2377 1644 2463 exfistence
1655 2382 1693 2444 de
1706 2385 1798 2461 Dico,
1822 2382 1967 2467 diffortat.
1982 2387 2011 2449 1.
2027 2402 2055 2450 c.

554 2465 632 2532 alibi
651 2463 792 2545 laudaui,
814 2469 860 2533 ita
879 2488 966 2533 nunc
986 2488 1133 2533 roaunrs
1153 2483 1280 2532 tantum
1312 2470 1378 2534 XI.
1388 2483 1422 2550 p.
1437 2484 1493 2548 13²·
1536 2469 1753 2552 Praeterquam
1769 2488 1859 2548 vero,
1875 2468 1965 2557 quod
1976 2469 2054 2535 alibi

556 2573 659 2619 court.
674 2573 898 2633 scnvvanzrvs,
916 2558 965 2621 vir
984 2548 1179 2634 clarissimus,
1197 2549 1278 2618 mihi
1320 2554 1366 2619 ita
1380 2554 1532 2636 loquatur
1544 2554 1671 2632 Cicero,
1687 2570 1721 2617 vt
1733 2551 1872 2619 dubitari
1901 2572 2053 2641 nequeat,

553 2637 859 2706 commemorandus
873 2638 932 2724 est,
967 2644 1023 2726 qui
1042 2644 1224 2727 utriusque,
1244 2640 1278 2705 δι
1321 2641 1401 2725 quin
1414 2638 1569 2705 sententia
1584 2637 1623 2705 de
1638 2640 1719 2718 Deo,
1732 2642 1862 2724 eiusque
1877 2639 2054 2728 prouiden-

552 2728 778 2797 Democriti&
791 2730 915 2813 Epicuri
927 2726 1122 2813 theologiam,
1140 2725 1278 2813 peculia·
1320 2730 1378 2805 tia,
1394 2724 1428 2792 &
1441 2727 1529 2791 cultu
1545 2721 1679 2792 firmiter
1686 2728 1796 2791 animo
1816 2729 1882 2794 eius
1910 2726 2055 2797 inhaese-

553 2814 641 2879 ribus
663 2811 930 2880 dissertationibus
949 2811 1129 2881 delineauin
1173 2813 1277 2879 Gene·
1320 2814 1380 2887 rita
1397 2831 1436 2876 ex
1449 2832 1500 2892 eo,
1521 2808 1608 2964 quod
1624 2832 1654 2876 c.
1667 2834 1826 2879 averrit
1853 2838 1901 2882 ua
1915 2836 1982 2882 unt
1994 2818 2056 2883 ite·

554 2901 652 2965 ratim
670 2896 710 2965 de
730 2899 928 2967 Graecorum
953 2900 1153 2986 philosophis
1173 2896 1278 2965 adhuc
1323 2916 1392 2964 rata
1405 2897 1520 2983 respon
1535 2919 1612 2977 to,a
1627 2900 1787 2965 Cicerone
1811 2902 1975 2985 promissa,
1998 2898 2056 2969 de·

556 2984 810 3067 obseruandum,
836 2988 993 3072 plurimos
1013 2990 1049 3052 in
1070 2986 1281 3071 suspicionem
1322 2979 1420 3063 ficiat,
1429 2981 1568 3051 nonsine
1582 2985 1707 3052 ratione
1719 2988 1871 3053 nonnulli
1881 2989 2055 3075 colligunt,

556 3071 700 3139 atheismi
720 3074 856 3148 venisse3
884 3076 919 3140 dc
939 3070 1078 3157 sripsum
1100 3071 1279 3149 doetrinae,
1324 3069 1423 3139 deesse
1439 3068 1521 3139 sorte
1535 3073 1570 3137 in
1584 3068 1685 3138 hocce
1704 3093 1801 3157 opere
1816 3072 1935 3141 librum
1958 3093 2056 3162 quar·

581 3181 656 3225 uam
671 3160 807 3245 amplexi
821 3160 903 3240 sunt,
917 3157 1052 3244 systema
1064 3158 1195 3244 spedles,
1211 3178 1280 3222 non
1324 3175 1404 3235 turn,
1420 3158 1535 3243 inquo
1554 3158 1669 3223 Cicero
1687 3156 1727 3223 ad
1741 3157 1849 3241 dubia,
1869 3160 1986 3227 contra
2001 3182 2055 3227 ex-

555 3182 622 3313 hne
636 3250 728 3310 omni
741 3249 884 3323 ratione,
906 3242 1021 3332 quade
1041 3267 1073 3310 re
1085 3246 1176 3331 plura
1195 3243 1279 3311 dice·
1322 3243 1492 3313 sistentiam
1512 3246 1570 3311 Dei
1587 3241 1758 3330 proposita,
1780 3244 1972 3332 respondere
1990 3269 2055 3313 vo·

556 3353 638 3413 rem,
651 3328 747 3416 idque
762 3333 796 3398 &
812 3335 1010 3397 conueniens
1023 3329 1097 3396 huic
1110 3332 1186 3397 loco
1195 3330 1279 3411 esset,
1322 3334 1427 3398 luerit.
1472 3333 1561 3396 Inter
1573 3354 1641 3412 eos,
1656 3334 1711 3416 qui
1725 3329 1817 3399 hosce
1832 3336 2000 3401 Ciceronis
2017 3336 2055 3421 li·

558 3414 618 3484 nisi
634 3415 697 3482 hoc
711 3421 776 3483 iam
789 3440 808 3484 a
821 3440 873 3484 me
888 3417 1007 3484 fassum
1021 3417 1093 3485 esset
1104 3420 1140 3484 in
1153 3417 1282 3502 ihestbus
1325 3420 1399 3484 bros
1409 3416 1615 3498 illustrarunt,
1629 3422 1748 3484 eminet
1768 3442 1840 3487 arr.
1856 3442 2055 3489 arscnrort·

556 3506 596 3570 de
618 3503 763 3587 atheismo
782 3507 822 3575 ω’
836 3503 1046 3588 stiperstitione
1053 3550 1065 3585 ,
1097 3526 1122 3569 c.
1135 3509 1162 3571 l.
1176 3515 1211 3584 §.
1225 3507 1281 3569 XI.
1324 3504 1426 3585 ratis,
1441 3508 1531 3569 cuius
1545 3509 1757 3572 commentarii
1770 3504 1886 3574 Parisiis
1896 3513 1983 3576 1660
1997 3508 2056 3577 sol.

549 3594 636 3677 seqq.
660 3588 720 3656 hac
748 3589 787 3657 de
814 3612 849 3659 re
877 3589 993 3658 disserit
1013 3589 1178 3677 iungenda
1201 3610 1284 3676 quae
1325 3588 1523 3676 prodierunt.
1587 3593 1712 3657 Vltimo
1743 3589 1879 3681 denique
1899 3596 1978 3661 loco
1999 3592 2056 3663 hic

558 3699 619 3745 aar
643 3699 662 3743 c
684 3700 719 3746 ir.
766 3699 796 3743 ia
817 3698 839 3742 o
859 3699 879 3743 v
901 3698 922 3742 n
945 3699 1007 3744 ov
1030 3699 1081 3743 as
1112 3680 1148 3743 in
1187 3678 1282 3757 libro,
1326 3675 1603 3746 commemorandi
1621 3677 1711 3758 sunt,
1741 3683 1797 3765 qui
1817 3686 1995 3767 generatim
2015 3700 2056 3747 ex

557 3787 656 3852 quem
691 3761 868 3851 inscripsit:
899 3765 977 3848 plan
1023 3763 1212 3850 theologique
1242 3760 1284 3829 do
1326 3765 1495 3852 gentilium
1509 3764 1629 3850 scriptis
1648 3763 1848 3852 theologiam
1870 3768 2053 3835 naturalem

557 3853 789 3940 Pythagorisme
802 3852 864 3918 &o
878 3868 953 3918 tom.
972 3853 999 3916 1.
1019 3849 1099 3936 episi.
1113 3855 1172 3916 ΙΙΙ.
1187 3868 1220 3934 p.
1239 3871 1281 3933 91.
1326 3852 1472 3918 exhibere
1484 3847 1613 3937 adgresh
1628 3852 1710 3917 sunt.
1759 3862 1886 3939 Agmen
1900 3859 1984 3922 inter
1999 3875 2056 3923 eos

548 3942 633 4026 seqq.
699 3938 766 4021 Qii
783 3935 869 4024 apud
884 3938 1051 4004 Romanos
1078 3934 1282 4024 philosopha·
1325 3936 1414 4006 ducit
1431 3958 1519 4004 ave.
1533 3941 1940 4024 srrvcnstugubinus,
1951 3946 2056 4008 inno·

558 4027 685 4108 bantur,
700 4047 799 4091 vnam
818 4045 859 4091 ex
883 4025 1082 4091 Graecorum
1110 4023 1281 4108 amplesle·
1324 4019 1621 4107 tilhmodeperenni
1630 4024 1717 4108 philo
1731 4025 1822 4109 oplu'a
1830 4050 1936 4113 opere,
1944 4032 1978 4094 in
1986 4048 2057 4115 quo

558 4114 678 4180 bantur
692 4113 796 4187 sedita
817 4110 902 4178 vnde
925 4113 970 4190 &‚
987 4108 1066 4196 quid
1088 4107 1128 4178 de
1149 4111 1282 4176 illomm
1325 4114 1475 4178 omnium
1492 4109 1554 4177 sere
1566 4111 1720 4177 sessanum
1734 4112 1897 4200 dogmata,
1910 4113 2057 4182 adtheo·

559 4197 805 4267 existimandum
816 4196 852 4265 stt
869 4195 1044 4285 theologia,
1061 4213 1159 4282 patet.
1190 4197 1281 4264 Prae·
1325 4199 1446 4285 logiam
1471 4199 1647 4263 naturalem
1676 4199 1867 4284 spec‘lantia,
1908 4205 2054 4284 excutit,

557 4284 894 4352 termittendustamen
907 4282 1034 4350 hicnon
1042 4284 1085 4351 ess
1097 4306 1136 4350 tr.
1144 4303 1279 4349 rvnnrvt
1321 4307 1436 4370 easque
1444 4307 1519 4351 cum
1527 4282 1701 4351 christianis
1714 4289 1747 4351 in
1755 4292 2057 4375 praecipuiscapiti·

560 4391 694 4451 arcano,
710 4374 753 4438 ob
765 4372 931 4439 librostres
947 4368 1116 4437 denatura
1131 4378 1278 4452 Deorum,
1327 4370 1977 4451 busconsentire,demonstrareadnititur.
1999 4378 2054 4445 De

561 4459 596 4524 dr
609 4455 690 4522 duos
703 4454 950 4537 deterioratione,
962 4462 1018 4544 qui
1031 4457 1082 4524 vel
1095 4455 1158 4524 hoc
1172 4460 1280 4523 nomi·
1323 4480 1390 4546 quo
1412 4462 1478 4526 eius
1497 4458 1575 4545 quid
1601 4459 1803 4527 sentiendum
1828 4460 1865 4529 fit
1890 4460 2057 4545 instituto,

560 4564 602 4610 ne
621 4546 788 4609 communi
810 4545 962 4611 consensu
984 4542 1165 4624 laudantur,
1191 4541 1281 4629 quod
1326 4547 1421 4632 supra
1447 4549 1513 4611 iarn
1534 4544 1762 4627 indicauimus,
1783 4547 2058 4635 ostendimusque,

557 4631 594 4697 in
605 4631 643 4695 iis
658 4628 785 4697 testatus
803 4626 851 4713 sit,
868 4653 966 4718 quam
983 4633 1081 4718 longe
1100 4653 1119 4697 a
1138 4629 1282 4716 supersii·
1326 4653 1392 4717 eos,
1407 4635 1463 4723 qui
1482 4631 1708 4724 intempestiuo
1731 4635 1927 4707 conciliandi
1946 4637 2061 4723 philo-

559 4719 651 4789 tione
663 4714 810 4789 abfuerit.
852 4715 1013 4804 Legenda,
1026 4739 1109 4808 quae
1122 4715 1285 4789 deiisan
1936 4721 2061 4823 sophos
