5259 5967
768 688 1181 771 D'ETHEOLOG1A
1210 704 1522 772 srussorrcn.
1820 712 1889 790 4⁶7

1442 810 1887 832 -ο--υ-Ἣ

382 809 1057 839 ...----·-———--—-

374 868 625 921 arntnnsro
638 866 775 910 coaeuus
797 862 854 910 aut
869 843 995 930 suppar,
1009 844 1114 909 immo
1162 847 1347 931 cumprimis
1359 863 1448 930 vrget
1480 863 1557 909 sair.
1575 862 1812 925 ansuaervs,
1849 847 1886 908 in

372 958 440 1007 nec
468 952 734 1003 aruauasrvs
762 932 829 1018 ipse
847 932 974 997 in'aliis
994 930 1116 1015 scriptis
1159 934 1326 999 annalibus
1342 932 1468 1016 politico
1483 927 1688 1016 ecclrfiajlicis,
1702 946 1776 996 tom.
1794 935 1835 996 ll.
1851 949 1887 1015 p.

373 1027 453 1105 suis,
470 1022 634 1107 speciatim
650 1018 829 1104 apologis,
865 1016 1001 1104 symboli
1016 1016 1111 1083 huius
1154 1034 1226 1105 807.
1294 1017 1391 1085 Hisce
1415 1017 1552 1102 denique
1575 1013 1647 1082 addi
1663 1016 1777 1101 posset,
1795 1014 1885 1103 quod

377 1110 541 1179 meminis·
607 1106 699 1185 Qrae
722 1105 774 1172 hic
797 1105 1050 1178 obuertisolent‚
1064 1102 1113 1169 di·
1153 1110 1212 1189 illi,
1221 1108 1479 1191 quiarrraupsro
1492 1103 1671 1193 symbolum
1680 1103 1780 1171 hocce
1789 1108 1888 1172 tribu-

372 1200 439 1267 luit
455 1212 645 1263 ulmis
667 1212 930 1272 ALEXANDER,
950 1190 1112 1275 histor-fc·
1157 1216 1234 1275 unt,
1271 1193 1396 1278 prorsus
1425 1195 1507 1257 inter
1535 1190 1564 1255 se
1585 1212 1654 1256 non
1676 1197 1887 1272 conueniant,

374 1282 496 1371 clefiasl.
504 1284 584 1364 fitec.
598 1281 655 1344 IV.
667 1299 693 1344 c.
713 1283 765 1344 Vl.
781 1298 814 1363 p.
829 1301 882 1344 uo.
928 1280 1035 1343 Immo
1048 1276 1114 1363 ipse
1157 1278 1288 1369 quando
1311 1281 1345 1346 &
1370 1300 1431 1364 qua
1455 1275 1619 1345 oceafionc
1641 1275 1724 1343 iliud
1742 1282 1782 1345 ab
1798 1301 1836 1346 eo
1849 1276 1886 1346 sit

377 1388 601 1446 Arnaursrvs,
618 1366 732 1451 procul
747 1366 777 1431 se
795 1364 883 1430 fuisse
906 1387 923 1429 a
944 1361 1114 1431 condenda
1159 1364 1344 1435 conditum:
1367 1365 1419 1432 sed
1439 1387 1514 1432 cum
1533 1364 1572 1429 ab
1590 1366 1659 1429 aliis
1680 1361 1743 1431 hoc
1764 1369 1829 1431 iam
1849 1386 1888 1434 ex

375 1478 471 1527 noua
491 1452 567 1521 fidei
591 1452 748 1531 formula,
778 1451 924 1526 testatore
959 1449 1114 1535 srquidem
1157 1452 1303 1523 instituto
1316 1450 1473 1519 ostensum
1488 1448 1535 1523 sit.
1549 1468 1585 1515 vr
1600 1449 1683 1517 hisce
1700 1448 1818 1519 diutius
1826 1457 1888 1520 im·

378 1550 547 1613 Nicaenae
572 1536 685 1625 synodi
705 1538 886 1625 symbolum
906 1536 942 1603 sit
962 1539 1114 1604 omnibus
1158 1560 1334 1619 moremur,
1352 1538 1469 1606 necesse
1492 1559 1561 1603 non
1581 1536 1634 1603 est.
1679 1536 1789 1605 Hodie
1803 1542 1889 1609 insu·

377 1633 523 1700 numeris
539 1620 854 1705 absolutissimum,in
864 1625 985 1715 epistola
1000 1628 1115 1689 alAn·
1158 1651 1214 1718 per
1228 1622 1426 1694 eruditissimi
1441 1628 1523 1691 inter
1538 1624 1622 1710 ipsos
1634 1626 1890 1696 romanensesvi·

375 1716 555 1797 riocbenjis,
569 1730 643 1777 tom.
659 1717 683 1777 1.
700 1733 781 1796 oper.
793 1732 827 1796 p.
845 1736 888 1777 m.
904 1718 975 1795 576.
1043 1713 1115 1775 Nec
1160 1720 1186 1782 ri
1205 1714 1394 1801 agnoscunt,
1416 1714 1456 1778 ab
1468 1732 1661 1778 truannno
1681 1711 1783 1782 hoece
1804 1714 1890 1804 sym·

379 1822 570 1889 temporum
591 1802 722 1865 illorum
737 1802 921 1884 permittere
946 1795 1115 1863 videbatur
1158 1804 1273 1869 bolum
1289 1800 1471 1886 profestum
1485 1820 1555 1864 non
1577 1798 1646 1864 elle.
1698 1802 1745 1868 Ita
1766 1820 1891 1889 praeter

380 1895 478 1971 ratio,
495 1908 622 1953 nouum
637 1884 774 1951 condere
793 1886 997 1972 symbolumr
1022 1882 1115 1968 fiqui·
1158 1908 1367 1957 narnien
1389 1905 1704 1967 anaxanonvru,
1742 1911 1760 1954 a
1793 1893 1890 1958 nobis

381 1976 459 2048 dem
475 1976 588 2041 Ariani
602 1995 640 2039 ac
656 1972 865 2037 semi-Ariani
879 1974 912 2037 in
928 1969 1115 2056 pseudosy-
1160 1979 1226 2044 iam
1240 1971 1422 2053 laudatum,
1442 1969 1582 2038 statuunt
1602 1993 1755 2043 raserias.
1771 1998 1891 2065 oves·

381 2062 478 2133 nodis
496 2061 556 2125 riris
570 2058 634 2125 hoc
650 2062 795 2145 agebant,
806 2063 861 2145 qui
879 2060 912 2125 δι
926 2057 991 2122 hoc
1009 2058 1117 2123 nomi·
1159 2082 1329 2141 murus,
1347 2058 1489 2147 differret.
1506 2063 1592 2123 XIV.
1607 2057 1648 2125 ad
1662 2063 1837 2130 Leonisma
1856 2067 1892 2131 ni

382 2175 425 2221 ne
451 2152 617 2216 Nicaenae
643 2144 759 2232 synodi
782 2144 997 2212 defensoribus
1033 2143 1118 2210 male
1161 2169 1266 2235 opera,
1304 2169 1386 2232 quae
1402 2142 1445 2213 est
1462 2147 1609 2211 denariis
1618 2147 1694 2233 filei
1714 2149 1835 2235 libellis,
1855 2156 1891 2219 in

383 2236 571 2307 audiebant.
636 2235 773 2298 Nouum
792 2251 1017 2316 argumentum
1029 2250 1118 2316 prae·
1162 2237 1290 2319 antiquo
1305 2253 1452 2297 romanae
1468 2232 1599 2317 ecrlrfiat
1617 2236 1717 2300 colice
1730 2245 1891 2323 contentis,

383 2332 436 2393 bet
449 2322 612 2389 fiicntiom
633 2341 678 2385 cr
691 2340 804 2384 nrm
827 2316 1048 2395 Alexandrini,
1069 2316 1118 2403 sy·
1161 2344 1246 2388 mim.
1260 2325 1331 2387 Illl.
1348 2340 1381 2404 p.
1395 2330 1469 2404 584.
1485 2322 1568 2404 stqq.
1606 2340 1650 2385 ιο.
1668 2342 1890 2408 cinassvrrvs,

383 2411 467 2480 nodi
479 2406 665 2493 Ephesrnae,
680 2428 796 2472 troius
810 2409 930 2491 magni,
947 2406 981 2471 δι
1013 2424 1119 2469 atrum
1162 2411 1252 2475 notit.
1273 2407 1366 2488 eccles:
1388 2410 1421 2471 in
1436 2407 1578 2491 historica
1590 2408 1788 2490 [pnopfisaec.
1813 2420 1890 2498 II.p.

384 2498 520 2567 concilii
540 2490 818 2573 Chalcedonensu,
843 2496 896 2576 qui
918 2426 1120 2557 hauddubie
1154 2516 1210 2579 54.
1256 2513 1471 2569 ruminor,
1483 2497 1514 2557 in
1528 2493 1635 2555 cririca
1649 2494 1893 2580 historico-chro-

385 2602 503 2654 contra
529 2578 756 2647 Nestorianam
792 2596 848 2644 aut
886 2576 1119 2666 Eutychianam
1161 2582 1300 2669 nologica
1316 2581 1595 2645 anti-B.rrouiana
1614 2577 1654 2645 ad
1679 2603 1797 2649 annum
1817 2608 1893 2672 340.

385 2666 529 2740 haeresin
542 2665 581 2733 ad
596 2668 696 2734 hocce
710 2664 892 2752 symbolum
912 2664 1120 2750 prouocaturi
1162 2691 1246 2735 num.
1257 2671 1343 2733 VIII.
1365 2684 1438 2730 rom.
1492 2685 1600 2749 p.44r.
1645 2689 1734 2735 rvr),
1749 2692 1893 2745 mm

385 2752 536 2836 firilsent',
572 2751 594 2820 si
623 2757 689 2818 iarn
716 2774 756 2819 eo
781 2748 938 2819 exstitisset
965 2770 1120 2835 tempore·
1163 2777 1220 2823 ov
1243 2774 1325 2831 Pru,
1341 2756 1374 2817 in
1395 2752 1566 2817 bibliothec.
1579 2756 1722 2839 stripror.
1743 2759 1895 2851 ecclerast.

387 2846 481 2915 Idem
495 2841 536 2909 de
548 2843 670 2906 Latinis
684 2836 878 2917 dicendum,
941 2842 974 2902 ui
995 2841 1030 2902 in
1044 2857 1121 2901 con·
1163 2860 1238 2907 rom.
1252 2842 1355 2921 lIfiu
1367 2840 1614 2923 descriptoribus
1626 2845 1706 2924 staec.
1727 2850 1782 2910 IV.
1793 2868 1827 2932 p.
1839 2860 1892 2931 55.

386 2926 774 3006 trouersracumGraecir,
784 2923 823 2991 de
832 2945 926 3009 proce
952 2923 1122 3008 ronespiri-
1158 2949 1209 3012 59.
1253 2948 1344 2994 nvn.
1358 2945 1451 2990 aur.
1465 2945 1748 3011 uvntronrvs,
1764 2938 1894 2999 anecdo.

387 3040 442 3087 tus
457 3014 557 3083 sandi
573 3037 591 3079 a
605 3009 684 3092 filio,
698 3016 731 3077 in
745 3009 805 3077 illo
817 3012 966 3098 symbolo
979 3009 1123 3075 luculen·
1165 3035 1224 3079 ror.
1238 3030 1312 3078 tom.
1326 3017 1367 3075 ll.
1377 3030 1409 3095 p.
1425 3029 1486 3091 217.
1499 3013 1583 3095 seqq·
1628 3016 1704 3080 Hoc
1727 3038 1803 3106 ergo
1816 3038 1893 3089 cum

388 3126 438 3174 ter
450 3102 584 3180 adserta,
598 3097 697 3166 lrocce
712 3101 779 3165 telo
787 3119 928 3185 pugnare
938 3098 1122 3185 potuissent,
1166 3098 1264 3171 hodie
1288 3096 1373 3184 apud
1402 3101 1486 3163 viros
1514 3095 1628 3165 harum
1646 3124 1753 3170 rerum
1773 3112 1893 3189 peritos

390 3191 415 3262 fi
432 3186 612 3278 quidquam
629 3183 667 3252 de
687 3208 726 3251 eo
739 3187 800 3251 illis
821 3184 1008 3252 innotuisset
1054 3185 1122 3247 lam
1165 3185 1306 3276 politum
1324 3184 1359 3251 lit
1381 3203 1465 3250 extra
1485 3184 1746 3273 controuerfiam,
1766 3194 1896 3283 symbo.

391 3300 483 3357 vero,
497 3276 606 3361 primi,
623 3276 678 3359 qui
693 3270 793 3337 hocce
807 3291 997 3358 argumento
1011 3267 1055 3336 vsr
1078 3270 1122 3334 le·
1165 3278 1233 3341 lum
1249 3270 1348 3337 hocce
1361 3293 1638 3340 nruauosrvur
1652 3279 1817 3349 aridiorem
1824 3308 1897 3353 non

414 3355 885 3443 untur,suerunrapocris1arii
910 3358 1057 3443 Gregorii
1073 3372 1123 3433 nt,
1167 3359 1352 3447 agnoscere3
1376 3361 1410 3423 in
1425 3381 1464 3424 eo
1480 3378 1587 3426 tamen
1611 3360 1806 3450 dissentiunt,
1828 3377 1896 3439 cui·

391 3390 559 3539 dequibus
573 3444 666 3513 antea
683 3443 815 3523 dilium,
852 3466 925 3508 cum
945 3443 1023 3510 haec
1045 3462 1124 3506 con·
1168 3468 1243 3513 naui
1261 3442 1535 3510 tribuendum'lir?
1563 3449 1726 3519 Nonnulli
1744 3478 1896 3543 namque,

391 3533 547 3609 trouersra
563 3537 657 3615 annis
674 3554 775 3618 prope
789 3527 1125 3617 quingentisduraliet.
1169 3535 1209 3600 ab
1224 3551 1411 3609 nvsruro,
1447 3532 1632 3599 Vercellenli
1653 3541 1812 3627 episcopo,
1839 3550 1897 3631 qui

392 3629 464 3697 stili
478 3644 590 3711 porro,
624 3614 986 3703 sernronisqueindoleS,
1014 3614 1126 3680 audio·
1170 3615 1296 3697 eodern,
1310 3639 1377 3703 quo
1391 3638 1501 3683 arira
1512 3639 1673 3703 nisius,
1688 3644 1834 3715 tempore
1847 3636 1897 3697 vj.

393 3736 464 3783 rem
479 3712 572 3779 huius
589 3706 738 3793 symboli,
761 3726 830 3768 non
845 3724 1007 3791 graecum,
1021 3698 1127 3767 sedla-
1169 3709 1227 3783 xit,
1261 3700 1343 3769 illud
1366 3702 1599 3790 compositum,
1631 3727 1818 3793 autumant,
1841 3721 1897 3786 alii

394 3806 505 3871 tinum
532 3795 703 3862 hominem
730 3790 838 3871 fuisse,
877 3794 991 3877 arguit.
1057 3788 1126 3853 Nec
1170 3811 1442 3860 Annsrrsrvir
1464 3794 1531 3861 eius
1558 3794 1724 3864 audiorem
1750 3802 1895 3887 laudant,

395 3891 484 3957 enim
497 3879 656 3959 credibile,
672 3897 962 3957 arnanmvur,
978 3879 1014 3941 in
1031 3875 1126 3940 exilio
1171 3897 1206 3945 vt
1221 3875 1301 3944 adeo
1328 3898 1364 3941 ex
1401 3881 1574 3944 nominum
1601 3883 1786 3956 confusione
1808 3913 1896 3959 error

396 3972 628 4048 constitutum,
663 3988 738 4031 cum
759 3968 823 4029 iam
839 3981 940 4030 aetate
955 3961 1126 4049 prouelius
1170 3983 1262 4031 natus
1287 3962 1340 4039 srt3
1363 3964 1416 4029 alii
1433 3965 1529 4055 „aliter
1547 3967 1698 4038 sentiunt.
1744 3995 1898 4049 raserias.

396 4062 483 4141 esset,
498 4051 656 4123 eiusmodi
671 4053 760 4117 latini
773 4051 928 4117 sermonis
944 4050 1126 4116 facultatem
1171 4064 1390 4139 Qnsunn'nvs,
1403 4050 1465 4115 loco
1487 4072 1582 4119 antea
1603 4057 1710 4138 citato,
1733 4067 1898 4133 coniediu·

396 4149 455 4221 fibi
469 4142 679 4229 comparaffe,
715 4158 750 4205 vt
766 4139 877 4218 latina,
901 4160 999 4224 quarn
1016 4155 1127 4222 graeca
1170 4144 1213 4206 ris
1228 4136 1314 4204 haud
1329 4136 1573 4206 contemnendis
1588 4143 1765 4227 contendit,
1779 4172 1898 4221 vrorer.

385 4236 521 4321 'lingua
536 4233 583 4295 vti
597 4229 756 4292 maluerit.
823 4224 967 4303 Accedit,
989 4219 1077 4307 quod
1092 4223 1127 4286 in
1170 4247 1220 4293 vu
1243 4225 1443 4311 Tapsensem,
1463 4227 1499 4291 in
1511 4225 1820 4319 Africaepiscopum,
1841 4244 1899 4328 qui

336 4328 339 4333 ’
398 4321 553 4405 antiquis,
567 4316 601 4381 ὃ(
617 4315 768 4400 probatae
782 4307 855 4377 fidei
876 4308 1039 4406 codicibus
1060 4328 1128 4374 ma·
1170 4314 1295 4380 saeculo
1312 4316 1428 4397 quinto
1443 4310 1565 4395 floruit,
1589 4314 1727 4404 symboli
1741 4321 1826 4391 istius
1841 4351 1898 4395 au.

401 4407 566 4491 nuscriptis
589 4422 723 4487 operum
753 4419 986 4465 arnannsu
1008 4404 1070 4463 lere
1090 4415 1126 4460 o·
1173 4401 1294 4467 dorem
1309 4398 1388 4476 else‚·
1412 4404 1464 4465 cui
1485 4404 1582 4466 etiam
1603 4408 1663 4470 viri
1689 4410 1899 4499 eruditillirni,

401 4497 545 4572 mnibus,
580 4487 679 4553 hocce
716 4486 895 4573 simbolum
932 4480 1130 4549 desideretur.
1174 4508 1330 4572 aureaque
1343 4483 1463 4552 laudati
1480 4510 1662 4557 narniis
1683 4480 1899 4586 arenarium,

400 4586 473 4653 Nec
491 4571 818 4663 praetermittendum,
838 4568 926 4658 quod
938 4592 1001 4635 vox
1017 4570 1131 4637 inorme
1173 4594 1252 4640 aur.
1271 4593 1384 4651 naor,
1403 4572 1437 4639 ἀ
1458 4595 1547 4640 nvo.
1576 4597 1718 4651 oneres
1743 4608 1797 4654 ov.
1817 4612 1899 4672 pru,

399 4674 437 4742 in
460 4663 577 4742 eodem
598 4683 669 4732 non
693 4658 806 4745 exiiet,
845 4679 943 4749 quam
969 4659 1130 4728 rationem
1174 4662 1246 4730 locis
1269 4661 1390 4741 citaris,
1415 4657 1660 4754 adstipulantru.
1723 4672 1900 4745 Addendus

1816 4760 1901 4840 hisce
