5259 5967
1304 1032 1315 1046 .
1430 973 1599 1073 j168

1472 1114 1669 1185 fidem
1704 1132 1841 1177 non
1866 1123 2167 1187 meretur,
2199 1107 2351 1191 quia
2364 1107 2435 1171 in
2464 1104 2557 1171 sui
2582 1106 2727 1171 aeui
2755 1104 2940 1170 rebus

1476 1202 1707 1273 domui
1734 1190 2051 1282 augustae,
2089 1195 2158 1262 &
2188 1194 2459 1271 Seiano,
2490 1208 2593 1257 tur
2638 1194 2758 1256 iter
2786 1186 2944 1253 adu-

1474 1292 1664 1358 latur.
1750 1282 1967 1349 Habet
1997 1280 2371 1364 ceteroquin
2446 1299 2560 1345 uae
2607 1298 2748 1357 am,
2780 1295 2946 1361 quae

1478 1376 1632 1443 alibi
1646 1392 1787 1437 non
1797 1370 2115 1447 inuenias5
2134 1366 2205 1432 ὃ(
2218 1366 2305 1429 ob
2322 1361 2387 1429 di
2454 1368 2678 1431 ionem
2694 1364 2944 1449 elegan-

1472 1480 1633 1541 tem,
1662 1460 1978 1545 planeque
1991 1453 2382 1531 Romanam,
2401 1452 2565 1518 lectu
2584 1448 2812 1539 dignus
2833 1444 2943 1529 est,

1476 1568 1617 1615 non
1668 1547 1883 1609 minus
1942 1560 2019 1606 ac
2065 1540 2153 1604 ob
2205 1534 2595 1605 charadteres
2659 1554 2944 1614 morum,

1475 1654 1642 1723 quos
1688 1622 1911 1717 passim
1953 1625 2292 1711 inspergit3
2342 1622 2511 1691 vnde
2546 1644 2652 1689 ro.
2697 1645 2744 1689 u
2765 1642 2946 1689 sun.

1480 1746 1517 1789 n
1537 1744 1579 1787 o
1598 1742 1633 1785 ε
1654 1740 1691 1783 c
1710 1739 1748 1783 1.
1764 1738 1800 1782 E
1819 1736 1861 1780 R
1875 1737 1919 1780 o
1969 1729 2158 1779 enata
2214 1708 2490 1793 occasii),
2562 1709 2948 1775 cbaraedercs

1466 1806 1757 1896 politicos
1796 1800 2141 1867 Velleianos
2181 1795 2640 1863 conscribendi.
2731 1792 2946 1861 Dedu-

1481 1898 1688 1959 cimur
1716 1889 1868 1955 hinc
1896 1883 1977 1950 ad
2002 1882 2335 1950 historiam
2354 1884 2696 1962 caesarum,
2725 1884 2798 1947 in
2817 1900 2946 1965 qua

1474 1983 1763 2069 primum
1823 1974 2363 2059 praecipuumque
2430 1974 2652 2036 locum
2723 1980 2948 2033 tenent

1480 2088 1547 2133 c.
1589 2078 2041 2129 svi-:romvs
2100 2076 2744 2143 TRANQJILLVS,
2784 2054 2853 2121 &
2879 2073 2943 2118 c.

1484 2170 1641 2221 con
1660 2172 1705 2215 N
1724 2167 1840 2213 ει..
1867 2164 2249 2221 racirvs.
2297 2145 2652 2222 Nimirum,
2697 2156 2946 2206 mutata

1478 2236 1569 2307 rei
1598 2236 1888 2323 publicae
1912 2230 2096 2312 facie,
2125 2245 2369 2297 mutata
2410 2250 2675 2316 quoque
2717 2224 2805 2296 est
2845 2224 2946 2291 hi-

1478 2323 1707 2393 storiae
1722 2368 1740 2401 ,
1781 2321 1851 2388 &
1876 2314 2327 2384 historicorum
2356 2363 2376 2398 ,
2420 2314 2698 2383 indoles.
2807 2315 2947 2379 Iam

1482 2415 1658 2482 enim
1684 2408 2019 2494 praecipue
2043 2400 2127 2469 ad
2150 2402 2440 2484 caesares,
2470 2423 2824 2488 eorumque
2853 2400 2949 2465 vi-

1480 2516 1635 2578 tam,
1663 2494 1828 2573 adia,
1846 2510 2078 2569 mores,
2109 2486 2575 2575 respiciendum
2590 2508 2745 2570 erat,
2757 2490 2946 2574 quip-

1478 2606 1565 2673 pe
1587 2599 1921 2667 aquorum
1949 2592 2111 2642 nutu
2128 2576 2198 2643 &
2225 2580 2557 2644 voluntate
2581 2574 2946 2663 pendebant

1480 2672 1725 2738 omnia.
1812 2664 2024 2729 Multa
2052 2661 2134 2730 de
2159 2664 2260 2731 his
2300 2662 2636 2752 singularia
2663 2683 2746 2727 sv
2763 2680 2946 2726 ετο-

1480 2780 1533 2826 u
1549 2778 1571 2822 1
1583 2778 1625 2820 v
1643 2776 1670 2821 s
1701 2752 1914 2832 habet,
1938 2750 2099 2817 scitu
2112 2766 2331 2817 tamen
2346 2772 2487 2817 non
2498 2748 2782 2835 indigna.
2813 2767 2856 2811 τ
2873 2766 2948 2811 A·

1484 2866 1527 2913 c
1544 2866 1567 2910 1
1582 2863 1625 2909 ‘r
1638 2863 1679 2907 v
1698 2860 1725 2905 s
1755 2835 2132 2926 prudentiae
2168 2839 2373 2904 ciuilis
2398 2837 2748 2903 cultoribus
2767 2852 2947 2899 com-

1480 2924 1773 2999 mendari
1818 2924 2010 2999 solet;
2054 2944 2205 2990 cum
2240 2941 2461 2990 tamen
2496 2921 2566 2988 id
2606 2923 2950 3007 praecipue

1482 3032 1649 3105 agat,
1679 3027 1753 3079 vt
1776 3030 2011 3096 prauos
2040 3011 2412 3095 principum
2462 3028 2716 3087 mores,
2758 3023 2948 3072 artes-

1477 3124 1606 3189 que
1636 3098 2019 3185 tyrannicas,
2050 3094 2381 3196 depingat,
2412 3116 2571 3181 quas
2604 3092 2950 3180 cognosce*

1482 3208 1554 3255 re
1581 3182 1785 3265 decet,
1816 3202 1958 3247 non
1973 3200 2131 3263 tarn,
2158 3199 2230 3248 vt
2240 3185 2568 3248 imitemur
2595 3200 2948 3266 eas,quam,

1483 3290 1557 3339 vt
1574 3273 1909 3339 euitemuS.
1996 3270 2183 3336 Forte
2215 3270 2284 3337 &
2326 3267 2786 3354 suspicionibus
2827 3264 2950 3331 suis

1482 3357 1678 3427 nimis
1724 3352 2030 3441 indulget.
2162 3351 2441 3421 Prudens
2490 3368 2710 3421 tamen
2746 3352 2952 3420 lector

1482 3444 1691 3513 multa
1718 3462 1794 3509 ex
1817 3463 1898 3508 eo
1926 3462 2093 3525 quae
2118 3441 2257 3508 vsui
2286 3440 2407 3508 esse
2433 3457 2692 3526 queant,
2721 3440 2950 3525 capiet.

1482 3532 1775 3616 Longius
1802 3549 1840 3593 a
1862 3545 2153 3594 veterum
2168 3523 2641 3607 historicorum,
2673 3522 2805 3593 flue
2828 3524 2946 3593 ser-

1484 3618 1703 3685 monis
1727 3614 2128 3700 elegantiam,
2156 3610 2285 3682 fiue
2324 3613 2534 3701 ipsam
2566 3632 2782 3680 rerum
2823 3628 2950 3678 tra-

1486 3702 1845 3775 stationem
1874 3699 2134 3785 spectes,
2164 3698 2353 3768 laude
2375 3696 2722 3779 discedunt,
2751 3696 2950 3766 histo-

1480 3794 1614 3861 riae
1644 3784 1964 3874 augustae,
1996 3803 2067 3855 vt
2087 3802 2425 3868 vocantur,
2458 3785 2790 3873 scriptores
2822 3806 2869 3852 a
2887 3806 2952 3851 a·

1486 3895 1667 3949 uvs
1701 3893 2254 3956 sranrranvs,
2279 3892 2629 3941 vvtcar.
2663 3891 2954 3939 eatu-

1484 3980 1759 4032 canvs
1784 4008 1805 4041 ,
1852 3980 2250 4029 rantum..
2290 3979 2640 4039 formo,
2677 3978 2950 4024 rvuvs

1484 4070 1644 4118 cai·
1665 4066 2063 4115 rrouuvs
2090 4092 2111 4127 ,
2152 4066 2441 4113 acnvs
2492 4064 2950 4113 Laurum-

1483 4156 1609 4217 νς,
1640 4136 1709 4205 &
1734 4152 2080 4205 FLAvlvs
2111 4154 2208 4200 vo
2227 4146 2503 4198 ms‘cvs
2526 4155 2547 4207 ς
2576 4130 2826 4218 legendi
2862 4132 2950 4196 ob

1482 4238 1862 4309 temporum
1898 4219 2159 4300 seriem,
2216 4220 2287 4285 δε
2308 4221 2459 4304 quia
2505 4219 2804 4285 meliores
2827 4264 2846 4297 ‚
2877 4238 2956 4284 ex

1532 4310 1738 4387 uibus,
1762 4326 1927 4393 quae
1948 4304 2347 4372 istiusaetatis
2377 4305 2542 4385 sunt,
2554 4302 2793 4371 hauriri
2808 4304 2953 4390 pos-

1482 4328 1632 4472 gnt,
1663 4414 1801 4459 non
1816 4394 2151 4461 habemus.
2178 4390 2738 4459 Interdumtamen
2761 4412 2952 4477 quae-

1484 4477 1636 4546 dam
1655 4479 1993 4547 obseruatu
2022 4477 2235 4567 digna,
2262 4476 2636 4547 admiscent.
2677 4479 2952 4580 Iungen-

1483 4561 1609 4631 dus
1648 4583 1805 4631 vero
1858 4568 1935 4632 iis
1974 4562 2061 4633 est
2094 4586 2674 4647 asnoniauvs,
2709 4585 2954 4653 quippe

1485 4653 1600 4739 qui
1614 4650 2235 4735 quorumdamexiis
2258 4652 2756 4741 imperatoribus
2783 4672 2952 4739 quos

1485 4740 1871 4823 attigerunt,
1920 4740 2085 4805 vitas
2123 4740 2194 4807 δε
2212 4760 2311 4807 res
2426 4738 2547 4809 stas
2574 4738 2734 4810 οᾶο
2775 4740 2950 4809 libris

1484 4820 1719 4892 diserte
1763 4824 1835 4892 Bt
1896 4823 2215 4909 eleganter
2260 4823 2305 4896 d
2366 4826 2578 4907 cribit.
2717 4826 2950 4913 Incipit

1478 4911 1665 4987 enlm
1682 4910 1765 4981 ab
1790 4908 2033 4989 meffu
2081 4912 2293 4985 Marci
2330 4914 2583 5019 Aurelii
2618 4913 2950 4987 Antonini

2032 962 2417 1033 'LIBRIS
2456 956 2880 1034 Muclus
2921 958 3254 1032 CAPVT
3281 958 3832 1049 QVARTVM

3027 1104 3401 1191 philosophi
3429 1152 3452 1186 ,
3512 1106 3832 1192 telamque
3863 1136 3868 1141 ·
3903 1110 4173 1191 pertexit
4207 1154 4228 1189 ,
4288 1104 4500 1175 donec

3029 1189 3399 1257 Gordianus
3418 1194 3660 1272 tertius,
3691 1188 4270 1271 tredecimflcirciter
4285 1216 4498 1261 annos

3028 1295 3214 1344 natus
3232 1324 3251 1359 ,
3283 1276 3364 1344 ad
3394 1281 3736 1365 imperium
3764 1283 4148 1364 perueniret.
4236 1302 4283 1347 a
4303 1304 4340 1347 ε
4363 1304 4496 1347 Ro-

3031 1386 3076 1431 o
3095 1385 3118 1429 x
3139 1386 3244 1431 Au
3263 1388 3300 1431 v
3319 1386 3378 1430 M
3405 1368 3636 1433 merito
3651 1370 3882 1451 excipit
3911 1389 4000 1431 zo
4017 1388 4046 1431 s
4065 1388 4084 1431 ι
4102 1386 4276 1446 Μνε,
4307 1371 4495 1454 quip-

3033 1471 3114 1537 pe
3143 1453 3256 1537 qui
3281 1454 3531 1536 imperii
3563 1456 3819 1519 romani
3856 1451 4353 1519 delineationem
4385 1453 4498 1522 de-

3033 1536 3304 1624 scripsit,
3353 1540 3433 1603 ab
3475 1536 3766 1627 Augusto
3827 1540 4069 1606 caesare
4098 1540 4376 1621 exorsus,
4411 1538 4496 1607 ad

3031 1627 3252 1691 vrbem
3289 1647 3326 1689 a
3363 1624 3632 1707 Gothis,
3674 1626 3931 1692 Alarico
3976 1624 4167 1707 duce,
4203 1648 4494 1713 captam,

3031 1712 3205 1776 libris
3239 1710 3376 1787 seit,
3411 1733 3694 1798 quorum
3719 1716 3934 1798 primo
3973 1717 4386 1798 imperatores
4416 1718 4497 1781 ab

3029 1795 3325 1883 Augusto
3353 1820 3549 1883 vsque
3582 1795 3663 1863 ad
3717 1801 4196 1866 Diocletianum
4223 1802 4498 1869 breuiter

3031 1883 3334 1963 recenset,
3363 1886 3642 1969 reliquos
3668 1886 3887 1969 paullo
3917 1884 4190 1954 fufius&
4220 1889 4496 1973 explica-

3033 1973 3155 2035 tius
3185 1966 3468 2055 depingit
3495 1971 3669 2035 libris
3757 1974 3996 2055 uinque
4008 1970 4501 2057 posterioribus3

3075 2076 3422 2141 uamquam
3435 2053 3628 2123 hodie
3639 2075 3727 2141 po
3783 2078 3953 2122 rema
3981 2081 4123 2143 pars
4139 2060 4278 2125 libri
4307 2064 4504 2146 primi

3077 2139 3432 2209 elideretur.
3521 2142 3926 2210 Cumautem
3954 2143 4160 2211 homo
4196 2148 4498 2215 ethnicus

3034 2229 3255 2309 fuerit,
3301 2232 3542 2294 mirum
3605 2250 3748 2294 non
3789 2225 3910 2309 est,
3952 2235 4021 2296 in
4079 2235 4503 2318 imperatores

3035 2312 3406 2383 christianos
3441 2362 3460 2393 ,
3520 2312 4020 2382 Constantinum
4062 2339 4372 2405 magnum
4424 2325 4500 2386 in

3033 2405 3259 2491 primis
3310 2403 3379 2470 &
3421 2398 3900 2482 Theodosium,
3947 2401 4132 2469 valde
4184 2428 4333 2471 eum
4374 2409 4504 2472 ini·

3031 2511 3237 2576 quum
3263 2486 3469 2562 fuisse3
3499 2485 3566 2553 id
3594 2486 3775 2573 quod
3807 2490 3884 2555 in
3907 2510 3988 2555 eo
4019 2492 4148 2554 iam
4189 2508 4507 2559 notarunt

3033 2600 3072 2644 P
3089 2598 3138 2641 u
3155 2596 3256 2639 οἰ·
3273 2596 3428 2653 ivs,
3477 2578 3546 2639 in
3586 2570 3906 2659 myriobib.
3944 2577 4073 2641 cod.
4115 2582 4410 2660 XCVIII,
4433 2599 4502 2664 p.

3031 2683 3152 2747 271·
3183 2683 3221 2726 ε
3237 2682 3277 2726 ν
3294 2680 3339 2726 A
3355 2682 3396 2727 o
3417 2681 3460 2726 n
3476 2682 3500 2725 1
3514 2679 3557 2724 v
3574 2683 3635 2741 s,
3662 2660 3872 2747 histor.
3898 2665 4033 2727 eccl.
4057 2663 4163 2727 Lib.
4181 2668 4350 2731 Ill.c.
4367 2672 4496 2732 XL.

3033 2751 3287 2820 &XLL
3319 2769 3406 2813 ru
3429 2767 3904 2827 ceruonvs,
3943 2749 4151 2837 histor.
4194 2752 4500 2841 ecclesiast.

3035 2835 3739 2918 tib.XV1.c..x'L1.ftqq.
3789 2836 3956 2901 Non
4003 2833 4342 2904 defuerunt
4363 2863 4504 2906 rur·

3034 2920 3152 3001 sus,
3183 2918 3580 3006 quicaussam
3615 2942 3902 2987 zosnar
3931 2940 4224 3010 agerent,
4263 2945 4333 2992 vt
4389 2949 4497 2993 ro.

3037 3028 3251 3075 Levi<
3273 3029 3312 3072 c
3333 3028 3434 3073 La
3459 3026 3672 3087 νινε,
3706 3010 4214 3095 inapologiapro
4243 3012 4502 3098 Zofimo,

3029 3092 3318 3177 aduersus
3343 3094 3621 3180 Euagrii,
3640 3092 3976 3178 Nicephori
4016 3096 4250 3184 Callisti
4261 3146 4282 3180 ,
4311 3102 4391 3171 Εἴ
4431 3121 4506 3165 a·

3033 3182 3259 3247 tiorum
3311 3180 3567 3245 acerbas
3603 3182 4099 3263 criminationes,
4124 3206 4320 3267 quarn
4353 3186 4503 3253 suae

3037 3290 3070 3333 z
3089 3288 3132 3332 o
3149 3288 3176 3332 s
3193 3289 3216 3332 1
3233 3288 3288 3331 Μ
3305 3288 3326 3331 1
3360 3263 3633 3333 editioni
3667 3270 3868 3333 etiam
3909 3270 4229 3354 praemifit
4263 3293 4301 3336 c
4323 3295 4368 3339 n
4389 3294 4431 3337 R
4451 3296 4505 3339 1-

3037 3374 3329 3420 srorn.
3372 3374 3636 3419 cetra
3659 3374 3794 3421 nu*
3813 3375 3860 3419 s.
3953 3358 4164 3423 immo
4192 3362 4502 3425 nonnulli

3034 3461 3114 3509 eo
3144 3460 3346 3526 vsque
3357 3434 3658 3526 progteffi
3683 3440 3851 3519 sunt,
3881 3460 3974 3523 vt,
4001 3464 4088 3509 zo
4105 3466 4132 3508 s
4153 3466 4172 3508 1
4190 3467 4246 3510 M
4264 3467 4364 3511 vu
4380 3492 4404 3527 ‚
4432 3450 4504 3512 in

3033 3530 3110 3594 iis
3139 3525 3538 3613 praesertim,
3575 3547 3739 3612 quae
3767 3526 3847 3594 de
3895 3533 4064 3595 vitiis
4086 3528 4502 3599 Constantini

3033 3624 3140 3681 m'a
3229 3617 3251 3678 i
3315 3616 3325 3626 '
3378 3614 3443 3693 ‘t,
3471 3614 3727 3700 reliquis
3752 3618 4089 3696 omnibus,
4115 3620 4229 3703 qui
4269 3622 4504 3686 melio-

3037 3722 3108 3768 ra
3179 3722 3214 3765 e
3244 3697 3445 3768 hocce
3473 3702 3858 3784 imperatore
3887 3703 4280 3788 scripserunt,
4323 3727 4508 3791 prae-

3031 3783 3405 3866 ferendum,
3447 3784 3908 3855 contenderent
3933 3814 3952 3865 ;
3993 3790 4163 3857 confi
4205 3794 4508 3875 obstruat.

3037 3873 3308 3955 Halleffi
3327 3890 3477 3937 tom.
3503 3876 3554 3937 Ι.
3593 3873 3888 3955 obstruat.
3929 3882 4129 3943 XXII.
4157 3880 4324 3963 fi‘qq.
4377 3882 4508 3947 Ve-

3037 3982 3206 4039 rum,
3248 3960 3482 4027 rectius
3503 3959 3606 4025 illi
3633 3959 3936 4043 sentiunt,
3966 3968 4100 4049 qui,
4134 3964 4348 4031 media
4395 3988 4510 4033 ve-

3037 4048 3250 4113 lutvia
3265 4043 3656 4126 incedentes,
3683 4068 3771 4113 zo
3791 4070 4060 4117 suavia
4088 4055 4159 4116 in
4189 4074 4294 4134 e0,
4325 4050 4510 4137 quod

3039 4135 3213 4199 bona
3233 4128 3363 4201 fide
3390 4140 3998 4202 commemorauerit
4014 4182 4037 4218 ,
4089 4160 4251 4224 quae
4289 4141 4510 4207 minus

3037 4218 3208 4286 reete
3218 4216 3689 4287 aConstantino
3707 4242 3945 4307 magno
3963 4222 4127 4293 faeta
4142 4245 4510 4308 erant,neu-

3040 4309 3287 4390 tiquam
3317 4304 3949 4391 reprehendendum3
3974 4310 4154 4397 quod
4182 4332 4404 4380 autem
4433 4335 4512 4380 o-

3039 4414 3223 4460 nmes
3237 4394 3638 4478 imperatoris
3659 4392 3852 4461 huius
3877 4397 4164 4467 afflones
4179 4404 4252 4466 in
4263 4402 4512 4467 malam

3039 4482 3486 4565 interpretatus
3503 4477 3578 4545 fit
3592 4496 3862 4564 partem,
3889 4482 3958 4549 &
3983 4487 4340 4573 malignum
4365 4488 4510 4555 vbi-

3037 4587 3165 4653 que
3181 4585 3330 4719 erga
3353 4586 3502 4633 eum
3527 4567 3822 4635 animum
3851 4569 4242 4656 prodiderim
4283 4571 4353 4643 id
4381 4576 4514 4643 mi·
4579 4644 4593 4657 ,

3037 4654 3214 4720 nime
3307 4650 3580 4721 rendum
3629 4672 3742 4722 aut
3775 4654 4204 4725 excusandum
4221 4706 4242 4742 ,
4287 4660 4510 4730 multo

3035 4740 3256 4807 minus
3311 4694 3712 4809 landa-<lum
3735 4788 3764 4823 ,
3839 4744 3941 4810 vel
3989 4743 4514 4831 adprobandum,

3033 4828 3442 4899 arbitrantur.
3484 4827 3547 4894 A
3573 4848 3881 4897 zosimo
3911 4826 3994 4899 ad
4018 4854 4306 4901 aarum
4327 4854 4518 4903 uva

3035 4932 3378 4991 naseu
3401 4934 3672 4993 uma
3715 4920 3954 4995 merito
3983 4918 4045 4995 se
4071 4918 4366 4993 conferet
4413 4918 4526 5021 ξιξ.

4283 5004 4518 5097 stom:
