5259 5967
528 730 600 803 290
712 796 715 801 Ι
864 698 1724 785 LIBRIPRIORISCAPVTQVARTVM

548 810 1233 837 W
1249 796 2048 827 -Ψ--Ἣ
2079 792 2081 797 ¹

528 860 564 924 in
589 851 814 919 inteodnllione
845 848 890 913 ad
920 848 1092 934 Aeislotelir
1122 848 1263 931 politica,
1307 850 1388 914 liora
1404 849 1560 914 inuenies.
1585 849 1634 912 De
1650 842 1840 913 scholasticis
1853 846 1941 913 nihil
1950 844 2051 919 addo.

526 940 615 1009 edita
629 933 821 1003 Helmstadii
840 938 976 1018 1656,4.
1020 936 1113 1019 Quae
1125 934 1191 1020 ipsa
1214 934 1263 997 in-
1307 934 1418 1019 Qram
1448 936 1534 1001 male
1569 936 1657 1000 enim
1689 935 1840 1000 inanibus
1870 931 2048 1001 hominum

527 1025 682 1095 entenic
701 1026 763 1089 illie
776 1044 810 1089 m
851 1042 973 1108 nopere
994 1016 1264 1099 commendanda,
1306 1022 1489 1089 otiosorum
1504 1022 1523 1086 s
1541 1021 1775 1087 eculationibus
1795 1042 1871 1087 cum
1893 1024 1977 1087 veris
1992 1042 2047 1111 ge

526 1114 586 1201 qui
601 1110 831 1177 exleltioneii
846 1130 942 1175 orum
966 1106 1143 1175 Aristotelis
1165 1108 1264 1173 libro·
1306 1111 1425 1175 nuinae
1440 1130 1500 1195 pru
1525 1111 1628 1175 entiae
1645 1109 1761 1194 regulis
1775 1110 1972 1191 conueniat,
1989 1130 2048 1177 ne-

528 1221 623 1281 rum,
637 1197 778 1265 studium
792 1196 951 1264 reserrecu
975 1200 1056 1263 iunt.
1102 1197 1189 1261 Inter
1196 1214 1262 1271 eos,
1308 1216 1366 1262 mo
1383 1217 1454 1261 non
1468 1197 1629 1281 intelligit.

554 1289 587 1353 ui
609 1288 850 1353 commentariis
871 1282 931 1349 suis
953 1218 1051 1352 iioscc
1078 1282 1176 1349 libros
1191 1282 1263 1347 illu·
1395 1279 1448 1349 Ad
1460 1287 1640 1350 recentiora
1649 1278 1787 1367 itaquesr
1801 1278 2047 1368 progrediamur

528 1310 688 1452 dranum,
710 1392 833 1439 nien.
872 1392 938 1436 erc
949 1390 1103 1437 enerve
1123 1372 1266 1457 primum
1308 1387 1456 1455 tempora
1463 1414 1475 1451 ,
1492 1390 1626 1455 maguus
1641 1371 1784 1453 primurn
1798 1369 1827 1436 se
1841 1371 1937 1437 nobis
1952 1369 2046 1439 offert

529 1462 777 1549 principemque
794 1460 905 1523 locum
923 1474 1020 1525 tenet.
1067 1458 1117 1523 De
1135 1456 1263 1541 reliquis
1305 1458 1440 1523 illorum
1461 1478 1641 1537 numerus,
1669 1459 1726 1542 qui
1747 1454 1961 1542 compendia,
1988 1474 2046 1527 aut

530 1542 747 1617 consulendus
773 1565 911 1611 onon.
940 1564 1181 1623 renuuntur,
1215 1542 1263 1605 lei·
1306 1541 1474 1631 systemata
1498 1544 1629 1629 politica
1654 1541 1884 1613 condiderunt.
1936 1544 2045 1615 Huius

531 1637 641 1721 ieliogr.
653 1632 744 1717 polit.
757 1652 784 1696 e.
800 1634 838 1697 V.
848 1650 882 1716 p.
890 1642 955 1713 515.
964 1650 1027 1715 5¹9·
1042 1633 1077 1700 dr
1097 1653 1143 1697 10.
1156 1648 1263 1697 enon.
1329 1636 1428 1697 eneris
1443 1630 1515 1697 sunt
1535 1651 1660 1698 tnrnr
1684 1650 1896 1700 onroonrr
1916 1632 2045 1701 Tholo-

531 1740 692 1800 nosrvs,
715 1718 775 1785 lc.
790 1730 823 1799 p.
837 1721 1007 1785 1(stth.
1049 1720 1095 1783 Er
1108 1718 1263 1783 Romanis
1306 1653 1374 1783 iani
1377 1720 1544 1804 syntagma
1557 1717 1774 1802 erepublica,
1789 1740 1931 1787 notter
1952 1742 2045 1789 cotr-

531 1827 692 1876 crcrno
709 1798 1263 1883 nobiscommemorandusesset,sr
1306 1827 1476 1885 rerum,
1510 1806 1662 1885 Iesuitae,
1688 1805 1846 1889 politica,
1880 1828 2044 1877 voire.

532 1917 574 1965 ex
593 1893 682 1959 libris
702 1895 770 1960 eius
780 1895 837 1977 fix
859 1890 898 1959 de
917 1891 1109 1977 ¹republica,
1130 1912 1213 1977 quos
1232 1888 1264 1954 se
1307 1912 1490 1959 neruum
1506 1892 1635 1979 systema
1649 1891 1860 1979 philopphtee
1873 1896 2043 1979 politicae,

532 1978 760 2067 composuisse,
775 1983 830 2060 ait,
845 1997 967 2064 praeter
979 1978 1154 2067 fragmenta
1167 1996 1263 2063 quae-
1307 1999 1527 2047 nrnnruor
1557 1999 1760 2046 annrsenr
1786 1980 1931 2064 politica,
1956 1984 2044 2049 item

532 2068 629 2150 dam
642 2063 817 2154 quidquam
835 2063 1013 2149 superesset.
1056 2066 1139 2131 Non
1153 2067 1263 2130 minus
1305 2066 1480 2149 eelellienes
1489 2066 1655 2150 politicae,
1676 2087 1866 2135 uenrnouo.
1887 2090 2045 2137 necenn-

533 2152 726 2225 &eiusdem
742 2175 859 2225 „emera
870 2150 1265 2238 perierunt,quaespiffitm
1277 2144 1363 2220 “ier
1373 2174 1449 2220 nur
1455 2152 1582 2239 systema
1593 2154 1771 2237 politicam,
1785 2176 1934 2223 inurit.
1948 2176 1996 2225 cr
2006 2178 2043 2225 u-

533 2246 576 2315 &
593 2244 748 2328 eperofitm
775 2258 851 2323 opus
870 2256 982 2315 vocate
1002 2240 1055 2305 lib.
1075 2242 1119 2303 ΙΙ.
1139 2239 1183 2303 ael
1203 2242 1263 2324 Qu.
1307 2259 1423 2307 nanu
1452 2244 1661 2324 compendium
1684 2242 1855 2325 politicam,
1876 2264 2042 2311 curterse.

521 2334 627 2417 frate
640 2347 685 2412 ep.
698 2329 786 2392 2111.
806 2322 933 2391 Exstant
947 2343 1056 2391 tamen
1072 2322 1263 2391 adhuceius·
1305 2346 1578 2394 cruentarunt
1591 2328 2040 2413 eolleginenpoiitictenr‚&alia

535 2414 610 2485 dem
624 2416 696 2481 libri
711 2414 748 2479 ele
761 2412 894 2499 legibus,
916 2414 951 2479 in
971 2414 1086 2499 quibus
1105 2432 1174 2476 non
1193 2427 1263 2475 tan·
1305 2411 1370 2479 sere
1395 2415 1574 2479 innumera.
1619 2414 1658 2479 In
1686 2414 1844 2500 plerisque
1863 2438 1941 2485 vero
1961 2416 2039 2487 isto·

532 2520 608 2570 tum
622 2498 662 2569 de
680 2502 799 2587 legib'us
819 2502 962 2584 optimae
981 2500 1189 2585 reipublicae,
1210 2494 1262 2563 sed
1305 2521 1396 2578 rum,
1411 2521 1485 2565 cum
1499 2502 1576 2581 alia,
1593 2519 1663 2566 tum
1676 2500 1757 2567 illud
1777 2506 1919 2573 maxime
1936 2526 2042 2591 repre·

532 2592 573 2659 dt
586 2587 626 2656 de
638 2591 724 2657 vitiis
732 2587 944 2653 acvirtutibus
951 2586 1262 2672 rerumpublicarum
1305 2583 1533 2668 hendendum,
1547 2584 1698 2672 quodea,
1712 2610 1794 2673 quae
1812 2592 1890 2657 iuris
1910 2610 2042 2661 natum·

532 2674 664 2744 disserit.
706 2694 838 2761 arura
849 2694 869 2740 n
879 2694 980 2741 cuvs
995 2694 1065 2739 non
1084 2688 1212 2738 tantum
1225 2672 1260 2745 in
1304 2673 1343 2740 lis
1358 2673 1451 2754 sunt,
1464 2694 1534 2739 non
1547 2671 1826 2761 satisdistinguant
1840 2679 1881 2743 ab
1896 2680 2041 2766 iis,quae

530 2764 676 2831 virerum
702 2759 913 2846 descriptione
946 2757 1133 2845 prudentiae
1158 2758 1260 2824 ciuilis
1304 2762 1455 2847 politica,
1469 2760 1522 2827 seu
1543 2758 1712 2846 prudentia
1732 2764 1834 2829 ciuilis
1852 2762 1911 2832 fibi
1931 2766 2039 2835 vindi-

532 2850 695 2916 culrorem
705 2869 758 2935 egr
798 2843 1261 2927 ‘einssruit‚sedinmeraliles
1304 2865 1365 2913 cat.
1420 2848 1497 2930 Qro
1522 2852 1658 2915 nomine
1684 2851 1719 2918 δι
1744 2871 1806 2916 ιο.
1835 2874 2038 2924 uooruvre

531 2956 666 3025 quoque
677 2934 768 3002 subin
790 2956 808 3001 e
822 2954 860 3001 ex
874 2931 1020 3001 instituto
1039 2928 1198 2998 eiusmodi
1209 2950 1258 2995 ar·
1301 2934 1387 3001 rede
1400 2954 1471 2999 atro
1486 2952 1580 3001 notat
1595 2934 1708 3021 lapillo
1721 2958 1757 3004 rr.
1770 2958 1961 3023 onorius,
1981 2964 2039 3011 cu·

531 3041 689 3113 gumenta
708 3022 822 3089 tradat
832 3067 845 3103 ‚
879 3041 960 3106 quae
979 3020 1072 3087 huius
1093 3019 1158 3086 loci
1177 3016 1260 3084 sunt.
1301 3024 1352 3087 ius
1367 3022 1462 3087 verba
1476 3018 1572 3107 digna
1586 3019 1675 3103 sunt,
1699 3044 1782 3109 quae
1795 3022 1848 3091 hic
1867 3027 2037 3114 legantur:

528 3108 630 3196 Apud
642 3108 830 3176 christianos
845 3124 965 3174 veteres
972 3101 1108 3187 nonest,
1131 3122 1167 3171 vt
1180 3106 1260 3171 ciui·
1307 3108 1487 3191 Temperani
1504 3130 1553 3173 me
1570 3110 1612 3173 ale
1631 3108 1698 3191 his,
1719 3132 1800 3195 quae
1817 3113 1949 3181 atterius
1959 3118 2041 3200 sant

532 3193 774 3284 inprudentiae
788 3210 843 3259 aut
858 3190 897 3259 de
911 3210 977 3259 arte
994 3189 1147 3279 regnandi
1169 3212 1259 3275 prae·
1292 3196 1516 3277 tealiationis,
1539 3212 1572 3261 ot
1590 3217 1668 3281 qaae
1687 3198 1813 3281 docent,
1832 3202 1910 3285 qnid
1926 3223 1966 3267 ex
1984 3206 2039 3287 este

530 3302 624 3370 cepta
647 3301 868 3369 quaeramuu·
900 3284 972 3347 Nec
998 3282 1086 3347 enim
1112 3275 1176 3344 hoc
1202 3274 1258 3345 libi
1291 3280 1353 3368 fit,
1361 3286 1469 3366 facere
1480 3305 1494 3361 ,-
1520 3284 1595 3367 quia
1614 3282 1672 3369 ista
1683 3285 1776 3367 fleant
1795 3286 1912 3353 babeat
1933 3306 2040 3355 artene

527 3392 549 3437 a
571 3366 691 3435 endum
704 3368 869 3455 putabant.
898 3368 990 3451 Quae
1003 3364 1044 3434 ad
1056 3362 1258 3454 prudentiam
1290 3370 1470 3455 specialem,
1480 3370 1658 3452 politicam,
1675 3394 1770 3455 queen
1783 3377 1863 3443 telle
1876 3376 2038 3459 itaselane

525 3390 733 3523 cicilianum
758 3455 1034 3542 &theologicam
1062 3474 1101 3520 ex
1129 3470 1257 3539 patrum
1299 3456 2039 3550 trallatArisloteles,otalieninihiladnnsteae,

527 3544 650 3631 scriptis
670 3542 789 3609 hauriri
802 3536 931 3629 possint,
945 3542 1020 3608 alibi
1032 3537 1255 3609 indicabimus.
1298 3560 1408 3610 contra
1420 3545 1604 3627 quemfecit
1614 3546 1759 3628 dodinae,
1765 3550 1851 3633 apati
1859 3550 2040 3635 quereban-

525 3650 639 3699 aone
649 3652 735 3713 rrr,
744 3627 874 3697 diaconi
887 3626 1255 3713 constantinopolitani,
1298 3652 1372 3713 aes,
1387 3651 1457 3695 cane
1470 3632 1548 3695 iteris
1561 3628 1657 3716 nmini
1666 3648 1735 3697 aete
1753 3636 1973 3719 confundite&
1994 3640 2038 3707 de

524 3722 583 3805 qui
596 3718 722 3785 saeculo
736 3718 822 3785 sexto
835 3718 931 3796 vixit,
945 3717 1049 3799 capita
1057 3715 1255 3800 septuaginta
1298 3721 1366 3783 inre
1391 3716 1463 3782 belli
1487 3720 1526 3789 θ’
1546 3720 1652 3801 pacit,
1682 3721 1849 3808 prolegom.
1877 3732 1908 3807 §.
1928 3728 2032 3795 eret.

523 3808 586 3871 ciete
602 3808 806 3891 paraenetica
823 3804 869 3869 etl
883 3802 1109 3890 lastinianum,
1132 3822 1215 3955 p'uae
1234 3821 1253 3865 a
1296 3807 1380 3872 Non
1392 3822 1500 3872 tamen
1514 3801 1587 3872 ideo
1599 3802 1701 3873 hocce
1715 3830 1868 3877 noorrcr
1887 3812 1926 3877 de
1938 3832 2032 3899 tepet-

522 3892 692 3961 tronnullie
707 3891 923 3971 celebrantur,
945 3888 1048 3956 muita
1068 3905 1138 3956 ext
1163 3888 1253 3955 eolo·
1295 3893 1377 3959 llice
1391 3912 1473 3978 opus
1487 3890 1781 3979 contemnendum,
1827 3902 1925 3985 uippe
1960 3900 2035 3969 uod
2079 3962 2082 3973 .

521 3982 611 4069 piae,
628 3977 856 4065 dodrinaeque
869 3978 1001 4045 moralis
1014 3978 1141 4065 potius,
1154 3994 1253 4061 quam
1295 3980 1400 4047 multa
1420 3978 1601 4048 eruditione
1620 3980 1769 4049 refertum
1792 3920 1855 4066 el,
1883 3988 1918 4055 dr
1982 3986 2031 4057 ud

521 4066 714 4155 prudentiae
731 4069 872 4152 campis,
908 4062 1058 4132 deriuata·
1072 4065 1253 4161 continent.
1294 4068 1447 4136 ultimum
1461 4069 1545 4135 inter
1560 4067 1728 4154 scriptores
1742 4070 1960 4158 systematicos
1975 4077 2032 4159 lo-

520 4174 678 4222 unsrun
706 4152 907 4240 imperatoris
926 4152 1030 4237 capita
1052 4166 1253 4235 paraenetica
1294 4178 1371 4225 cum
1384 4158 2032 4241 tenet3qunmquam&nonnulliiutium

512 4242 680 4328 straginte
692 4244 749 4324 sex
766 4242 812 4305 ad
830 4244 962 4306 benene
973 4238 1078 4328 filicem
1088 4284 1102 4321 ,
1136 4256 1247 4303 cott-
1289 4244 1327 4313 in
1340 4264 1380 4309 eo
1395 4241 1561 4322 ordinent,
1577 4242 1610 4309 dt
1625 4243 1713 4329 quod
1726 4243 1870 4315 historiae
1887 4244 1954 4317 fuse
1969 4254 2030 4318 ni-

520 4346 729 4394 rrrnrrtrr
758 4324 1092 4415 porphyrogennetae,
1111 4325 1190 4391 liber
1207 4323 1249 4388 de
1290 4332 1353 4395 nris
1373 4329 1513 4409 inserat,
1543 4331 1578 4397 δε
1599 4351 1681 4416 quae
1700 4332 1761 4399 alia
1783 4334 1854 4403 sunt
1875 4332 2029 4405 eiusdem

517 4412 763 4499 administrando
775 4416 920 4498 irnperio,
932 4434 952 4481 n
964 4433 1178 4479 recurrere
1190 4412 1247 4477 Pa·
1310 4420 1427 4495 oneris,
1440 4412 1621 4485 desiderent.
1643 4418 1791 4507 Legenda
1806 4442 1923 4509 porro,
1939 4446 2030 4513 quae

515 4498 658 4585 iaeologi
673 4517 839 4586 praecepta
856 4516 976 4566 centem
995 4500 1182 4565 educationis
1200 4516 1247 4561 re-
1289 4436 1331 4571 de
1344 4503 1444 4571 hocce
1465 4504 1596 4573 auctore
1616 4527 1669 4571 ro.
1698 4529 1822 4576 urna.
1845 4532 2028 4583 roncu-

535 4584 586 4649 iae
609 4587 655 4651 al
676 4591 824 4652 Ioannem
841 4587 962 4673 filiam,
992 4590 1244 4671 incomparata
1288 4610 1361 4660 eivs
1375 4588 1493 4658 disserit
1510 4589 1551 4660 ad
1564 4594 1704 4680 Hagenis
1720 4598 1824 4661 Genii
1831 4596 2027 4671 inerma.

574 4688 604 4759 t,
628 4673 755 4745 nasibi
768 4672 859 4748 facile
871 4690 928 4747 aut
948 4670 1079 4759 adem,
1101 4691 1158 4745 aut
1176 4693 1244 4745 me·
1287 4680 1959 4853 erueremineon'sadtielntieedpp
1971 4688 2026 4755 bt.

1068 4835 1071 4841 .
1958 4796 2027 4867 ogr.
