5259 5967
521 704 588 770 472
761 682 896 749 trum
930 672 1267 747 rostanroms
1289 673 1460 745 cirvr
1482 674 1773 747 srcvunvu

971 786 1323 803 --—--—-----
1344 786 1894 807 m
1918 786 2040 811 -

525 828 640 893 bolum
653 824 837 891 Nicaenum
851 837 906 889 aut
919 820 1257 905 Constantinopolita-
1297 838 1367 884 cum
1380 820 1642 903 olfiruarionibus
1655 820 1854 911 ecclesiasticis
1868 824 1911 897 θ’
1922 828 2037 895 aurii

528 934 609 979 num
624 910 776 995 explicare
799 910 890 977 ausus
912 908 1023 989 suerit,
1057 904 1255 987 inierant,
1298 908 1343 972 ad
1355 906 1483 993 legulos
1498 909 1657 988 articulos,
1671 931 1768 995 quern
1788 908 1830 977 ad
1854 922 1891 993 ς.
1909 930 2034 999 praete.

527 1020 610 1087 quae
621 998 728 1078 Arius,
741 1018 863 1083 quaeue
876 992 1088 1063 Macedonius
1101 992 1255 1075 statuerit,
1298 994 1418 1059 dentem
1430 997 1495 1061 iam
1503 992 1717 1077 laudauimus,
1734 1000 1832 1083 quiue
1848 1000 2028 1087 exemplm

527 1085 683 1155 calluerit.
750 1086 900 1169 Cumque
919 1082 1017 1158 hodie
1031 1086 1091 1149 viri
1112 1078 1201 1149 dotti
1219 1084 1254 1147 in
1297 1082 1393 1167 longe
1408 1078 1659 1169 pulcherrimum
1680 1085 1776 1149 nobis
1800 1087 1945 1174 reliquit,
1966 1108 2027 1175 quo

529 1196 569 1239 eo
586 1172 648 1239 sere
661 1171 1059 1255 conueni.tnt,spmlalum,
1076 1165 1166 1255 quod
1178 1186 1254 1319 ‹Ya-
1296 1169 1395 1257 padio
1402 1174 1437 1235 in
1453 1169 1624 1257 symbolis,
1671 1170 1821 1257 librisque
1847 1172 2026 1261 symbolicis

520 1258 663 1349 flolicum
677 1276 823 1337 vocatur,
836 1259 880 1323 ita
895 1274 1026 1323 enatum
1040 1258 1109 1335 else,
1132 1274 1167 1323 vt
1201 1276 1253 1321 or·
1296 1255 1540 1341 interpretandis
1556 1256 1669 1323 versari
1694 1254 1865 1325 debeamus
1872 1282 1887 1339 ,-
1921 1282 2024 1349 quam·

529 1346 638 1417 mulae
649 1344 832 1433 baptismali
849 1343 981 1413 subinde
999 1339 1119 1429 aliquid
1140 1362 1254 1409 contra
1295 1364 1394 1431 quam
1407 1345 1472 1409 iam
1490 1340 1666 1429 quosdam,
1687 1344 1871 1429 praesertim
1893 1368 1931 1415 ex
1949 1364 2025 1415 vete·

529 1454 620 1504 erum
646 1432 819 1499 enteshinc
834 1428 909 1498 inde
923 1428 1061 1499 haereses
1076 1426 1258 1505 addereturt
1301 1430 1399 1511 ribus,
1415 1426 1474 1497 hac
1491 1434 1526 1495 in
1540 1451 1574 1499 re
1586 1426 1640 1497 srbi
1664 1448 1856 1517 praeeuntes
1877 1430 2022 1503 habuerit.

530 1540 603 1588 tum
619 1452 750 1585 demum
765 1518 850 1587 telle
862 1519 932 1603 quis
950 1516 1028 1584 illud
1045 1520 1080 1587 &
1095 1518 1258 1603 intelliget,
1300 1514 1438 1600 Quodsi
1458 1516 1643 1605 symbolum
1665 1516 1809 1605 aliquod,
1830 1538 1889 1587 aut
1911 1520 2023 1599 conso·

535 1610 570 1675 dc
583 1608 853 1691 interpretabitur,
875 1602 896 1671 li
914 1603 1064 1671 adcurate
1085 1603 1257 1691 inquisrue·
1301 1602 1361 1685 sio,
1374 1624 1414 1671 eo
1424 1622 1608 1689 comparata
1617 1602 1665 1685 stt,
1678 1604 1938 1691 vtquissuamex
1959 1608 2020 1677 licet

531 1697 592 1773 rit,
620 1694 734 1778 quihus
758 1690 920 1777 speciatim
943 1690 1118 1761 haeresibus
1137 1690 1258 1779 lingula
1302 1690 1503 1772 sententiam,
1516 1691 1747 1779 calumniisque
1767 1714 1805 1759 ac
1825 1694 1919 1761 obtre
1953 1700 2020 1763 atio-

531 1783 598 1848 eius
611 1780 707 1845 verba
731 1774 791 1849 srnt
804 1777 959 1867 opposita.
1004 1777 1105 1863 Qtod
1128 1782 1162 1845 in
1184 1780 1259 1843 arti·
1301 1780 1396 1845 tribus
1419 1773 1674 1845 aduersariorum
1692 1780 1826 1845 obuiam
1847 1799 1920 1859 eat,
1948 1784 2018 1849 calu·

528 1866 605 1935 culo
631 1862 771 1931 secundo
790 1884 857 1931 tam
885 1863 1051 1952 diligenter
1071 1867 1260 1945 inculcatur,
1302 1867 1409 1931 mniae
1423 1862 1499 1931 illae
1523 1886 1560 1933 ac
1581 1864 1846 1951 obtrectationes,
1867 1868 1921 1941 seu
1944 1868 2021 1943 sallat

529 1948 693 2019 Cluilium
706 1972 819 2019 verum
832 1950 919 2018 fuisse
938 1952 1117 2033 hominem,
1134 1954 1189 2039 qui
1211 1973 1259 2018 re·
1301 1952 1543 2039 imputationes,
1558 1950 1667 2021 itidem
1681 1978 1718 2023 ex
1741 1952 1948 2025 historiarum
1961 1982 2021 2027 rno-

529 2062 605 2108 uera
621 2060 680 2124 pro
694 2042 786 2107 nobis
799 2039 912 2126 passus,
925 2044 1011 2107 cruci
1024 2036 1158 2120 adfixus,
1170 2062 1259 2109 mot·
1301 2042 1464 2107 humentis
1478 2040 1572 2107 nolis
1586 2060 1682 2112 notae
1703 2044 1763 2111 else
1784 2044 1918 2130 debent,
1938 2067 1971 2115 tt
1988 2046 2020 2115 de

530 2148 668 2213 tuusque
679 2124 736 2208 stt,
760 2148 859 2193 nemo
880 2127 952 2195 satis
974 2125 1178 2215 adsequetur,
1202 2129 1259 2214 qui
1301 2126 1390 2195 sensu
1406 2126 1544 2214 symboli
1559 2128 1658 2212 illius,
1678 2129 1729 2197 seu
1748 2130 2019 2215 consessionis'eo

529 2218 738 2307 ignorauerit,
756 2214 911 2300 plurimos
928 2214 1063 2281 olimex
1081 2215 1188 2287 schola
1207 2234 1255 2280 sr-
1302 2214 1419 2282 rectius
1442 2214 1577 2285 statuere
1613 2238 1776 2304 queamus.
1844 2222 2021 2309 Exemplum

528 2326 644 2377 troitus
659 2303 755 2389 magi,
770 2323 920 2368 munau
930 2324 951 2367 u
962 2323 1002 2369 ut
1010 2348 1023 2385 ,
1037 2322 1259 2383 uesrtrnts,
1304 2303 1398 2369 nobis
1419 2304 1548 2389 praehet
1562 2304 1739 2391 Augustani
1753 2305 1898 2393 confiffio,
1919 2313 1970 2395 qui
1990 2328 2021 2397 pe

531 2396 733 2477 aliorumque
743 2389 904 2475 peruerlie
919 2388 1082 2463 dolirinae
1094 2386 1260 2477 magistro·
1303 2392 1424 2475 inqua,
1441 2392 1497 2475 qui
1514 2409 1584 2455 eam
1600 2388 1746 2473 edebant,
1762 2392 1795 2459 id
1817 2332 1988 2465 maxime?

532 2505 616 2561 rum,
656 2476 792 2555 rediisse,
815 2477 881 2561 qui,
899 2473 1063 2544 Chrislum
1081 2498 1152 2542 non
1170 2495 1260 2543 reue-
1304 2476 1446 2557 liabent,
1462 2492 1497 2541 vt
1517 2476 1624 2561 palam
1647 2476 1795 2559 facerent,
1815 2478 1883 2549 line
1903 2504 1961 2549 cau
2008 2502 2022 2547 e

531 2595 578 2652 η,
592 2503 752 2637 sediculo«
765 2580 893 2629 tautum
908 2560 1074 2642 hominem
1087 2562 1188 2645 sitisse,
1204 2558 1260 2633 ad·
1302 2558 1540 2633 romanensibus
1553 2562 1585 2631 se
1596 2562 1753 2647 damnati,
1775 2588 1853 2635 cum
1871 2568 1956 2637 nihil
1975 2566 2023 2638 du·

530 2662 678 2735 sererent,
691 2649 828 2739 indeque
840 2645 1025 2731 uitiatarum,
1035 2648 1261 2739 pbanrafiastae-
1305 2666 1426 2731 cerent,
1441 2647 1530 2735 quod
1543 2652 1641 2718 verbo
1650 2650 1764 2721 diuino
1778 2675 1851 2723 non
1863 2655 1941 2727 esset
1956 2674 2022 2728 con-
2061 2677 2064 2685 “

537 2768 620 2826 rum,
635 2740 999 2831 plantasti-decimum
1020 2741 1155 2805 nomine
1173 2740 1264 2805 veni·
1304 2738 1453 2819 ueniens,
1489 2756 1590 2831 utque
1611 2736 1693 2811 adeo
1713 2741 1912 2827 calumnias,
1933 2740 2024 2816 sasas·
2060 2774 2064 2815 i

530 2849 613 2907 rent.
680 2830 748 2895 Cur
759 2831 796 2893 in
816 2825 930 2893 eodem
956 2827 1090 2896 articulo
1126 2822 1261 2905 dicatur,
1305 2844 1368 2910 que
1388 2824 1434 2891 itn
1458 2826 1617 2893 urationes
1637 2827 1879 2897 romanensium
1903 2832 2023 2921 repelle·
2061 2835 2064 2844 ’

462 2907 466 2917 ’
530 2918 696 2991 Christum
706 2936 820 2987 natum
831 2922 859 2973 t·
871 2922 975 2986 uelit.
990 2935 1029 2979 et·
1041 2913 1154 2981 Maria
1167 2912 1261 2997 uirgi-
1305 2928 1387 2981 rent.
1512 2914 1619 2999 itaque
1630 2916 1777 3001 cognitas
1798 2916 1960 3005 perspena

530 3030 581 3091 ne,
594 3028 692 3079 nttno
699 3003 874 3091 perspiciet,
887 2996 945 3067 nisi
962 3002 1014 3069 cui
1026 3018 1144 3069 notum
1154 2996 1261 3079 suerit,
1304 2996 1431 3079 habeat,
1444 2996 1634 3082 necesseest,
1648 3003 1704 3088 qui
1723 2999 1848 3073 hancce
1869 3026 1913 3071 co
1994 3026 2023 3071 o·

536 3092 681 3165 exstitisse
697 3095 733 3158 in
747 3090 847 3155 veteri
861 3084 985 3153 ecclesia
998 3086 1185 3165 haereticos,
1204 3087 1261 3172 qui
1304 3104 1382 3151 uem
1395 3084 1480 3153 redte
1493 3088 1692 3172 interpretari
1705 3092 1805 3177 cupit.
1857 3091 1949 3161 Cum
1960 3114 2024 3163 teto

531 3176 783 3256 contenderent,
810 3170 973 3239 Christum
994 3194 1110 3259 corpus
1132 3172 1225 3239 suum
1243 3192 1260 3239 e
1302 3172 1339 3235 in
1351 3190 1387 3236 ea
1402 3170 1436 3237 dt
1454 3167 1494 3236 ad
1509 3193 1694 3240 commenta
1708 3198 1745 3245 ac
1761 3179 1905 3329 inertias
1917 3179 2024 3250 schoh-

531 3269 622 3335 eaelo
637 3264 744 3331 secum
769 3258 910 3329 detulisse
916 3303 928 3339 ,
960 3260 994 3327 δι
1012 3278 1072 3359 ptr¹
1102 3261 1259 3361 lusatiam,
1301 3252 1464 3361 sticorutn,
1491 3258 1740 3361 &corruptelas
1760 3262 1911 3335 eccesiae
1931 3290 2025 3339 ronta-

530 3342 1260 3519 ulillhl'tlllltllllnlfflt?
1301 3345 2025 3525 llislllll‘islflll’issilzltltli

529 3524 852 3611 tas,quioutotut
888 3519 1148 3599 tribuituqaro.
1167 3542 1258 3589 tvo.
1304 3514 1392 3587 ficio.
1436 3522 1516 3587 Non
1538 3541 1650 3587 omnes
1666 3518 1729 3587 hoc
1751 3524 1944 3605 obseruante
1964 3548 2028 3597 euru

532 3604 1262 3693 warascumedito,sell.lll.p.tanitaloquitut:
1305 3606 1447 3692 plurimi,
1461 3609 1517 3692 qui
1539 3607 1638 3673 libros
1660 3609 1857 3696 symbolicos
1878 3634 1917 3681 ex
1941 3618 2028 3685 bun·

530 3708 576 3784 „p
595 3712 660 3779 qut,
680 3712 846 3777 tantaleo.
865 3702 905 3765 ln
924 3712 964 3765 ta
984 3716 1088 3777 natue.
1108 3712 1166 3768 lim·
1183 3713 1216 3771 le
1235 3718 1263 3769 te
1306 3692 1379 3793 dtis,
1398 3711 1453 3760 aut
1465 3696 1672 3761 comentatiit
1685 3694 1746 3762 suis
1758 3638 2029 3786 illustrandus-

530 3801 633 3867 mpn,
670 3789 754 3862 lm,
777 3798 827 3860 pa,
847 3790 912 3863 ltu,-
938 3796 978 3851 ue
1003 3808 1107 3859 suaeve,
1129 3799 1263 3867 leimam,
1305 3782 1337 3845 br
1353 3778 1537 3859 sumserunt,
1552 3776 1591 3848 de
1605 3801 1682 3848 veto
1697 3804 1733 3848 ac
1748 3788 1897 3868 genuino
1906 3792 2028 3859 illorum

530 3882 813 3947 menumquam·
826 3870 880 3933 len
900 3869 971 3945 velt
990 3883 1139 3945 tiramni
1161 3886 1262 3949 unat.
1304 3864 1391 3933 sensu
1413 3888 1483 3932 non
1499 3866 1581 3935 adeo
1604 3867 1749 3948 solliciti,
1792 3867 1953 3959 dogmata
1974 3874 2029 3965 ipse

530 3956 576 4027 „t
590 3962 627 4019 ul
638 3967 666 4019 la
680 3968 782 4045 meac.
800 3946 1057 4046 Equidewnos
1072 3950 1260 4037 confitemur,
1327 3953 1508 4035 ertrallent,
1522 3976 1558 4022 ea
1572 3956 1718 4040 probent,
1732 3957 1766 4024 dt
1783 3960 1825 4024 ab
1845 3963 2030 4033 obiediioni·

526 4030 827 4133 ellumgtirrrumptr
839 4035 1058 4117 Marumfiul
1066 4057 1128 4101 non
1141 4058 1179 4102 ex
1186 4040 1261 4102 Ma·
1303 3974 1362 4107 hus
1378 4038 1461 4107 secus
1473 4039 1682 4109 sentientium
1695 4040 2030 4141 vindicent,sunulque

529 4120 592 4217 rie.
635 4124 816 4218 sicutenim
834 4141 918 4205 aqua
935 4138 993 4205 per
1007 4123 1146 4189 canalem
1157 4140 1262 4189 trans·
1305 4122 1347 4207 ad
1361 4126 1450 4194 locos
1466 4148 1672 4212 communes,
1691 4130 1769 4197 alibi
1788 4151 1927 4221 quoque
1947 4140 2031 4207 obui·

531 4220 569 4283 tt,
583 4206 639 4287 fiat
651 4206 814 4303 inclinibtl
825 4208 975 4290 adfirmire
997 4210 1263 4295 irrisfirmoille,
1305 4235 1360 4295 os,
1373 4210 1574 4282 descendant.
1623 4218 1850 4305 latetquoque
1865 4221 1956 4309 inde,
1963 4218 2032 4313 quid

531 4312 592 4354 non
606 4312 643 4353 ex
656 4297 779 4373 ilarii,
790 4294 847 4376 fiel
855 4312 914 4381 per
933 4296 1080 4361 Mariam
1099 4314 1194 4363 natus
1214 4297 1262 4385 est.
1306 4298 1346 4367 de
1365 4302 1497 4369 illomm
1518 4299 1711 4370 censendum
1735 4300 1774 4369 srt
1799 4304 1964 4395 instituto,
1982 4312 2031 4401 qui

532 4374 632 4474 Qud
653 4396 882 4461 aaronitas,
910 4380 963 4447 vel
984 4385 1125 4469 quisquis
1143 4383 1263 4473 dialogi
1305 4389 1451 4475 symbola
1462 4405 1518 4455 aut
1535 4384 1742 4459 conselstones
1761 4388 1803 4458 ad
1824 4392 1968 4469 haereses
1989 4398 2034 4465 vel

532 4458 620 4559 iliius
640 4463 754 4563 audior
774 4464 827 4547 est,
854 4464 968 4535 deinde
997 4474 1118 4559 egregie
1134 4470 1260 4539 refellit.
1304 4496 1436 4557 errores,
1456 4474 1567 4541 saltem
1586 4498 1623 4543 ex
1644 4476 1698 4545 sua
1722 4499 1743 4543 o
1769 4482 1894 4567 inione,
1917 4484 2035 4555 dudunt

531 4546 607 4645 lilia
621 4546 761 4647 eiusdem
774 4556 899 4655 generis
915 4555 1002 4641 larga
1021 4578 1121 4625 manu
1146 4556 1259 4658 suppe-
1303 4560 1377 4649 post
1395 4562 1541 4651 symbola
1553 4580 1611 4630 aut
1633 4500 1848 4635 conseshones
1870 4572 1947 4643 istas
1967 4594 2035 4643 ent·

531 4628 646 4703 ditabit
659 4634 773 4707 audior
788 4638 935 4729 bulonae
943 4646 1076 4732 [imboli
1097 4644 1260 4737 remulci,
1303 4646 1616 4735 teetiatiuatttal
1630 4652 1703 4721 illos
1716 4650 1892 4744 adplicant,
1907 4660 2039 4733 nendi·
