5259 5967
642 728 708 797 on
728 710 1268 797 raornnonvnariuvs
1289 727 1662 796 rr-isoioercis.
1818 748 1882 811 ης

361 886 492 953 operam
510 866 718 941 nauaueririt,
734 864 877 948 constat,
899 870 934 935 dc
953 888 990 934 ex
1004 864 1096 932 dictis
1142 886 1795 947 casavaouvs,rac.oieou0v1vs,
1822 890 1876 933 ιο.

365 946 559 1023 etiamhaud
573 946 929 1040 difficultercolligitur.
972 952 1096 1031 Abhis,
1142 974 1431 1019 or.eaar·.vrvs.
1477 956 1524 1019 De
1549 948 1875 1019 vtilitate&neccsli-

366 1058 438 1107 mm
463 1038 534 1103 aliis
551 1036 712 1121 scientiis,
734 1036 962 1125 dosirinaeque
982 1041 1096 1107 huma·
1141 1057 1205 1105 tate
1221 1045 1294 1107 artis
1313 1043 1456 1121 criticae,
1473 1062 1540 1104 non
1555 1036 1609 1118 cll,
1622 1034 1876 1123 quodmultafa-

369 1128 463 1195 uioris
482 1124 658 1210 partibus,
679 1147 728 1190 ars
754 1130 861 1193 critica
874 1127 915 1193 ad
929 1130 1097 1195 Romanos
1141 1130 1260 1193 ciamus
1273 1129 1379 1191 verba.
1423 1122 1697 1278 Agnoscunteam
1712 1140 1877 1211 quotquot

370 1208 496 1289 transiit,
510 1206 598 1295 apud
610 1232 695 1297 quos
710 1234 749 1279 ir.
765 1234 920 1293 vareno,
935 1234 1097 1279 nicam·

372 1316 1098 1381 teriones,srsnnun,1e1c1ss,u1-

356 1406 528 1465 υκαι,
550 1404 702 1451 vaira.
723 1406 900 1469 aaoivs,
930 1406 1096 1453 asconi-

1140 1214 1224 1281 redle
1237 1212 1275 1280 de
1290 1216 1404 1279 litteris
1417 1216 1449 1278 iu
1474 1218 1553 1278 icare
1570 1209 1764 1279 didicerunt.
1802 1214 1879 1279 Sine

1144 1324 1180 1367 ea
1197 1303 1334 1367 enimin
1348 1302 1472 1385 magnis
1487 1295 1590 1364 adhuc
1613 1299 1807 1365 versaremur
1832 1318 1878 1365 te·

1144 1390 1272 1462 nebrisa
1294 1382 1359 1452 sine
1374 1407 1409 1451 ea
1417 1406 1476 1451 nec
1487 1406 1635 1470 graecae,
1654 1407 1713 1450 nec
1743 1385 1878 1469 latinae,

377 1494 434 1551 ts,
450 1494 484 1539 a.
500 1492 522 1537 o
535 1491 660 1537 nativ
670 1494 695 1554 s,
719 1476 837 1559 aliique
852 1494 1004 1559 magnum
1018 1492 1100 1539 exea
1145 1496 1204 1541 nec
1220 1476 1350 1540 ebraeae
1362 1473 1513 1557 linguae,
1529 1468 1582 1535 sibi
1598 1468 1720 1536 constat
1734 1474 1877 1549 cultura;

379 1560 510 1626 nominis
521 1556 620 1623 decus
637 1557 823 1645 consequuti
845 1560 927 1625 sunt.
993 1562 1100 1645 Qiae·
1144 1558 1210 1629 sine
1232 1583 1268 1625 ca
1293 1578 1412 1627 veteres
1435 1554 1581 1625 auderes
1603 1580 1660 1622 nec
1686 1560 1877 1645 intelligere,

380 1664 445 1712 narn
459 1646 546 1711 inter
572 1640 709 1711 Iudaeos
731 1650 846 1731 pariter
864 1668 902 1711 ac
915 1644 1102 1713 christianos
1145 1668 1206 1713 nec
1220 1666 1364 1711 mentem
1376 1666 1501 1723 eorum,
1519 1640 1578 1709 nisi
1590 1643 1660 1707 loca
1676 1666 1767 1710 corru
1795 1664 1879 1710 tare-

382 1734 444 1797 artis
457 1734 588 1797 criticae
600 1732 682 1796 olim
693 1730 810 1799 riserint
821 1733 896 1814 sata,
910 1734 985 1799 alibi
994 1730 1101 1799 edisse·
1145 1730 1326 1811 stituantur,
1335 1732 1418 1798 redit
1426 1728 1552 1817 adsequi
1564 1730 1739 1815 possemusa
1763 1669 1826 1797 sine
1841 1752 1878 1797 ea

382 1838 483 1885 ninus.
506 1818 668 1904 Vergente
680 1817 722 1885 ad
729 1820 878 1885 occasum
894 1822 1030 1905 irnperio
1045 1840 1102 1883 oc·
1146 1822 1342 1905 antiquitatis
1357 1822 1464 1883 omnis
1481 1838 1538 1884 aut
1551 1818 1663 1895 nulla,
1688 1836 1742 1882 aut
1757 1822 1878 1883 incerta

383 1902 532 1987 tidentali,
546 1926 739 1991 magnaque,
754 1928 811 1992 per
824 1909 969 1993 gentium
989 1905 1099 1971 barba·
1146 1904 1324 1973 admodum
1339 1907 1413 1973 esset
1425 1907 1590 1992 cognitio,
1616 1899 1680 1970 sine
1695 1926 1730 1971 ea
1746 1905 1879 1970 nescire-

383 1986 1103 2078 aarummcursaonessequutacaligineaeriricae
1145 2014 1234 2072 mus,
1255 2015 1273 2057 a
1295 2013 1440 2077 quonam
1460 1990 1581 2076 aliquid
1601 1989 1751 2074 scriptum
1775 1989 1811 2057 sit
1822 2014 1878 2055 au-

385 2082 442 2145 anis
456 2076 691 2163 nulladignitas
706 2078 778 2159 suit,
790 2080 897 2146 nullus
913 2078 995 2143 vsus.
1023 2078 1100 2141 Mo-
1146 2080 1245 2157 diore,
1261 2080 1445 2163 semperque
1465 2074 1698 2158 dubitandum,
1721 2100 1780 2158 an,
1818 2098 1878 2141 uae

384 2164 549 2231 narbonam
569 2180 680 2233 tamen
721 2171 872 2253 antiquos
898 2162 1024 2231 codices
1048 2161 1102 2229 de·
1144 2167 1220 2243 huic
1232 2164 1284 2229 vel
1305 2166 1354 2229 illi
1377 2165 1565 2245 tribuimus,
1585 2186 1693 2230 reuera
1712 2168 1778 2229 eius
1797 2098 1879 2229 qsint.

385 2250 586 2333 scribentium,
601 2210 773 2319 indusriae
785 2255 943 2339 plurimos
958 2270 1103 2317 veterum
1146 2246 1318 2337 Copiosius
1326 2248 1541 2333 haecomnia,
1555 2256 1589 2319 &
1601 2253 1722 2338 reliqua
1738 2250 1880 2318 eiusdem

386 2334 522 2405 debemus
535 2338 656 2419 libros,
675 2360 735 2405 ceu
752 2340 888 2405 seruatas
907 2337 1103 2423 enausragio
1146 2340 1293 2426 generis„
1314 2334 1502 2418 edisserunt,
1523 2340 1578 2423 qui
1606 2360 1708 2405 artem
1739 2342 1881 2403 criticam

387 2426 504 2491 tabulas.
548 2424 636 2491 Cum
650 2447 739 2491 noua
750 2427 1030 2493 litterarumluxin
1039 2428 1103 2489 lta·
1146 2420 1397 2503 commendant,
1418 2426 1547 2509 eiusque
1584 2425 1754 2491 utilitatem
1775 2421 1880 2491 osten-

389 2512 581 2599 ltprimum,
596 2531 668 2577 tum
684 2513 769 2579 &in
785 2514 854 2578 aliis
867 2516 951 2578 orbis
965 2508 1104 2577 christia-
1147 2511 1240 2591 dunt,
1261 2530 1465 2577 nurnine.
1484 2530 1741 2591 iaevssacvs,
1772 2512 1883 2596 indzffi

389 2596 584 2685 bipartibus,
613 2600 768 2676 oriretur,
795 2600 923 2685 linguae
950 2602 1104 2683 primum,
1147 2600 1255 2663 critica
1274 2614 1367 2661 antea
1382 2594 1531 2674 laudata,
1546 2597 1882 2681 deHarpocrarionee-

388 2702 485 2771 graeca
497 2686 532 2753 dt
544 2686 655 2765 latina,
672 2687 775 2750 excoli
788 2703 977 2771 coeperunt,
996 2680 1104 2750 simul·
1147 2689 1254 2769 iusque
1265 2683 1407 2767 scriptis,
1421 2701 1455 2765 p.
1472 2703 1542 2766 597.
1554 2684 1637 2767 st‘qq.
1658 2702 1883 2749 aumirrvs

389 2792 442 2857 que
454 2774 489 2837 in
500 2772 604 2840 lucem
616 2768 753 2859 proferri
758 2790 904 2838 veterion
912 2790 1104 2837 monumen·
1149 2792 1198 2839 ca
1208 2794 1230 2837 a
1241 2792 1263 2835 o
1272 2792 1291 2835 L
1301 2790 1324 2851 r,
1336 2772 1370 2834 in
1382 2768 1585 2857 drjserratione
1595 2770 1632 2834 ale
1645 2770 1769 2850 criticis,
1783 2770 1838 2855 qui
1848 2770 1884 2835 de

390 2874 427 2937 ta,
444 2858 552 2944 quibus
563 2859 673 2925 onuris
685 2854 1105 2943 sapientiaediuinae&hu·
1149 2856 1301 2943 exemplis
1321 2858 1414 2922 variis
1435 2858 1501 2923 eius
1524 2850 1737 2923 necessitatem
1752 2858 1884 2936 euincit,

391 2942 662 3013 mansethesaunrs
675 2943 937 3013 concludebatur.
1001 2942 1040 3011 ld
1052 2963 1104 3009 ve-
1144 2964 1178 3031 p.
1195 2967 1240 3028 ¹4·
1240 2947 1323 3029 seqq.
1340 2966 1391 3009 ιο.
1409 2962 1622 3023 cisarcvs,
1635 2961 1697 3008 arr.
1720 2946 1789 3009 crit.
1798 2958 1886 3027 part.

392 3050 422 3095 ro
432 3028 491 3097 fine
503 3034 715 3099 criticaeartis
724 3034 837 3118 peritia
851 3028 920 3099 sieri
928 3052 997 3097 non
1014 3050 1106 3117 pore·
1149 3038 1176 3098 l.
1188 3034 1327 3117 praey‘at.
1333 3031 1407 3111 fell.
1415 3035 1473 3095 111.
1476 3048 1510 3115 p.
1518 3040 1547 3105 8.
1548 3032 1630 3116 fi’qq.
1653 3027 1816 3116 lungenda
1837 3030 1883 3109 dt,

392 3132 437 3197 rat,
449 3138 521 3187 curn
539 3114 673 3185 codices
682 3136 781 3203 quam
797 3119 929 3204 plurimi
951 3119 1106 3203 temporis
1150 3141 1231 3206 quae
1246 3116 1380 3203 ipsemet
1392 3113 1456 3183 dixi
1468 3121 1505 3183 in
1517 3118 1581 3203 diff
1585 3117 1748 3182 decultum
1756 3116 1885 3202 ingenii,

394 3198 583 3289 diuturnitate
606 3205 730 3286 vitiati,
744 3222 800 3271 aut
818 3206 970 3285 illorum,
982 3208 1038 3291 qui
1052 3224 1106 3269 eos
1150 3228 1175 3270 c.
1191 3210 1217 3271 1.
1230 3216 1265 3285 5.
1273 3207 1392 3271 XVIII.
1405 3224 1490 3269 aar.
1505 3225 1605 3289 osu.
1622 3226 1746 3271 nvcri
1756 3225 1808 3284 vs,
1822 3200 1885 3268 ho·
1901 3272 1903 3277 ,

393 3286 617 3379 descripserant,
631 3293 754 3357 incuria
776 3314 814 3359 ac
830 3294 1023 3379 negligentia
1036 3311 1107 3357 cor-

393 3382 509 3465 ruptiae
525 3374 694 3466 deprauati
714 3374 823 3445 essent.
867 3380 973 3447 Huius
999 3384 1108 3464 itaque
1152 3380 1223 3463 else,
1236 3375 1402 3456 exilibnat,
1418 3398 1516 3461 quarn
1529 3379 1610 3445 olim
1618 3378 1691 3461 fuit,
1707 3401 1780 3446 curn
1796 3386 1886 3464 prae-

392 3462 675 3533 laudenrtonivs
698 3484 966 3545 ronrrinnvs,
990 3484 1108 3532 nava·
1152 3461 1355 3535 stantilsrmos
1380 3464 1526 3530 nudiores
1542 3469 1623 3554 typis
1635 3469 1701 3531 iarn
1715 3466 1886 3549 exscriptos

371 3562 374 3567 '
393 3566 525 3633 vatia,
546 3553 685 3639 aliique,
701 3546 893 3633 floruenint,
904 3552 1111 3638 quiinterlit-
1152 3556 1337 3631 habeamus,
1353 3552 1572 3631 inHuetiam's,
1585 3573 1669 3615 num.
1683 3555 1885 3635 XXlll.p.65.

393 3649 515 3705 tetartim
527 3634 752 3705 restauratores
775 3642 916 3723 primurn
932 3636 988 3705 fibi
1004 3635 1110 3703 vindi-
1153 3637 1226 3722 Sed,
1238 3661 1313 3706 curn
1326 3660 1394 3703 non
1409 3658 1523 3701 omncs
1538 3636 1679 3704 eiusdem
1694 3640 1816 3723 generis
1825 3634 1885 3701 sint

391 3742 455 3791 tant
466 3726 587 3805 locum,
607 3744 789 3811 quotumue
804 3727 907 3791 labori
928 3728 963 3793 de
975 3723 1109 3811 diligen·
1152 3726 1322 3809 editiones,
1336 3724 1501 3809 rnultaque
1518 3720 1689 3811 supersint,
1704 3744 1784 3809 quae
1799 3724 1887 3787 criti-

336 3846 338 3855 ·
390 3812 646 3897 tiaeiuiputarnus
664 3814 793 3891 merito,
808 3810 1110 3898 quodpraellantis-
1154 3837 1225 3881 carn
1238 3834 1374 3879 manum
1388 3809 1752 3893 desderanteinutilem,
1761 3826 1816 3876 aut
1825 3808 1888 3873 rni-

388 3890 1108 3984 fimesvetemmlibrosmartimamparremin·
1153 3898 1531 3970 nusnecelsariamhodie
1543 3898 1601 3965 else
1610 3902 1754 3965 criticam
1771 3914 1885 3976 artem,

388 3999 490 4071 tegros
505 4000 675 4051 teneamus.
719 3986 892 4053 Recensere
908 4007 1031 4065 omnes,
1053 3986 1109 4072 qui
1153 4012 1222 4057 non
1235 3986 1380 4055 dixerim.
1423 3979 1886 4053 Nontantumautemvirido-

385 4072 420 4137 in
433 4068 496 4136 hac
507 4086 573 4135 arte
584 4072 807 4152 excelluerunt,
821 4070 966 4139 nostrum
976 4095 1045 4138 non
1054 4070 1110 4147 ests
1155 4078 1197 4145 dii
1208 4096 1305 4160 quam
1320 4074 1562 4160 plurimiartem
1572 4071 1703 4154 hancce,
1713 4064 1887 4137 emendan-

384 4154 493 4225 laudat
502 4160 688 4243 praecipuos
703 4178 813 4225 caer.
829 4180 947 4225 seror
957 4181 1062 4241 ries,
1076 4162 1112 4223 in
1155 4161 1218 4243 do,
1230 4159 1500 4247 corrigendoque‚
1525 4157 1812 4247 &interpretando
1829 4176 1888 4223 ve·

336 4270 338 4275 ·
385 4244 824 4330 confialtationedescholarum
832 4246 1112 4331 &studiorumra-
1155 4248 1405 4330 teresauerores,
1427 4241 1888 4401 spu1·iosqueapenmnisdis

335 4366 340 4399 :
384 4330 1112 4416 tiene,inmthodisrno.cssu11,an.1692
1157 4330 1334 4415 cernendo,
1367 4352 1596 4411 exercuerunt,
1623 4335 1652 4401 se
1704 4330 1888 4401 exstiterunt

383 4414 488 4499 editis,
502 4422 634 4487 nffll.
642 4437 676 4504 p.
685 4439 743 4503 311.
755 4420 933 4505 Principem
946 4419 1033 4487 haud
1055 4419 1114 4487 du·
1157 4427 1267 4505 etiam,
1281 4426 1338 4510 qui
1357 4420 1395 4489 de
1409 4424 1578 4508 principiis
1599 4422 1777 4510 regulisque
1793 4416 1889 4486 huius

382 4506 820 4575 bieintereoslocumtcnent
835 4528 1114 4575 rosrvsnscn·
1156 4515 1231 4579 artis
1245 4510 1371 4577 fuerunt
1386 4510 1522 4589 solliciti,
1536 4530 1619 4594 quos
1633 4508 1812 4597 perspedios
1831 4528 1891 4573 co-

379 4614 518 4675 ttone,
544 4614 673 4663 uana.
693 4614 930 4675 transivi,
960 4617 1000 4663 st.
1020 4617 1113 4663 aur.
1156 4602 1248 4686 guito
1287 4620 1327 4665 ue
1342 4596 1458 4664 habere
1474 4598 1649 4682 plurimum
1665 4594 1771 4664 nostra
1785 4592 1890 4659 resert.

379 4702 587 4765 trictvs,
604 4700 750 4759 ciero.
770 4700 1019 4779 siluisses,
1038 4704 1115 4753 isi.
1156 4688 1265 4774 Atque
1301 4707 1340 4758 ue
1353 4686 1401 4753 illi
1417 4688 1594 4772 comparati
1609 4684 1694 4768 simi,
1710 4687 1765 4771 qui
1777 4701 1818 4834 {ep
1838 4682 1888 4744 in-

1804 4780 1888 4831 ituro

1151 3291 1202 3361 die
1218 3309 1342 3357 tantam
1356 3292 1483 3359 criticae
1497 3294 1573 3357 artis
1586 3286 1800 3359 necessitatem
1814 3310 1885 3355 non
1991 3360 1995 3375 ¹
