5259 5967
838 712 904 780 DE
933 710 1248 781 THEOLOGIA
1268 713 1482 783 MORALI.
1852 728 1914 795 551

433 812 875 837 —n—-n—-n
882 820 956 834 .....-
963 821 1022 833 .-...
1028 812 1869 836 -.-mm-,W

510 845 541 945 §.
567 845 629 921 lll.
655 845 755 922 Fons
796 846 989 949 raecipuus
1003 846 1213 949 theologiae
1230 849 1376 927 moralis
1391 848 1443 925 est
1459 846 1634 950 scriptura
1649 842 1758 923 sacra:
1770 844 1912 921 iuuabit

397 968 504 1037 vero,
518 966 559 1021 vt
575 944 667 1037 alias,
681 944 730 1022 ita
746 946 809 1021 luc
823 970 978 1047 quoque
991 970 1077 1023 cum
1091 944 1180 1022 libro
1183 948 1388 1047 scripturae
1402 946 1632 1048 coniungere
1651 942 1782 1019 librum
1803 962 1909 1019 notu·

400 1068 488 1131 raes
512 1065 553 1119 vt
566 1064 688 1119 tamen
704 1041 830 1120 sedulo
845 1069 1048 1139 caueamus
1062 1068 1112 1119 ne
1127 1046 1221 1122 ratio
1236 1045 1319 1124 suos
1339 1044 1622 1147 transgrediatur
1642 1042 1795 1133 limites,
1810 1064 1909 1117 neue

399 1144 529 1221 lumen
542 1140 695 1218 rationis
713 1168 800 1219 cum
814 1142 955 1219 lumine
968 1144 1204 1221 reuelationis
1219 1144 1511 1227 confundamus3
1529 1144 1668 1244 quippe
1679 1138 1908 1241 quaedistin-

399 1240 458 1318 &a
469 1260 641 1327 manent,
660 1240 748 1316 licet
760 1238 823 1316 fibi
843 1241 1005 1317 inuicem
1021 1266 1103 1319 non
1116 1242 1359 1320 aduersentur.
1418 1244 1514 1319 Non
1527 1240 1650 1315 minus
1666 1262 1757 1313 vero
1772 1236 1811 1314 δι
1825 1234 1907 1312 eth·

397 1338 510 1515 piicag
521 1336 776 1443 philosophiae
790 1364 877 1418 cum
888 1338 1077 1441 theologia
1089 1342 1218 1417 morali
1231 1338 1402 1420 confusio
1424 1339 1568 1417 summo
1583 1336 1753 1415 euitanda
1767 1336 1820 1411 cst
1832 1334 1907 1413 stu·

485 1558 504 1601 *
531 1556 727 1641 Scripturam
753 1554 873 1621 sacram
902 1577 973 1623 non
1002 1570 1130 1625 tantum
1172 1560 1372 1642 ruptionem,
1389 1554 1903 1645 nemorelliuscognoscenquam

397 1644 596 1731 principium
625 1641 865 1729 cognoscendi,
883 1641 935 1709 sed
955 1646 990 1713 &
1004 1644 1129 1713 fontem
1172 1648 1229 1729 qui
1248 1641 1413 1729 diligenter
1426 1644 1465 1711 ad
1479 1644 1511 1714 se
1523 1646 1629 1732 ipsum
1647 1641 1837 1721 attenderit,
1868 1644 1904 1709 dt

395 1732 594 1797 uberrimum
606 1729 788 1815 theologiae
795 1730 925 1795 moralis
939 1730 1010 1811 elle,
1025 1731 1126 1797 aliun·
1172 1751 1252 1817 quae
1260 1733 1295 1797 in
1302 1732 1422 1798 suamet
1430 1734 1746 1819 contingantmeme,
1762 1726 1904 1797 confide·

396 1812 667 1891 defatisconllat3
689 1838 760 1897 nec,
769 1814 1015 1901 vtoperosehoc
1026 1816 1128 1883 incul·
1171 1819 1299 1884 rauerir.
1344 1812 1901 1905 Siporrocumpropensronum,co-

396 1924 517 1982 cemus,
530 1898 712 1969 necelseell.
754 1902 799 1968 Ex
813 1920 908 1970 antea
922 1906 1020 1969 etiam
1036 1902 1128 1971 dinis
1170 1907 1384 1991 gitationum,
1405 1906 1637 1991 unionumque
1650 1905 1777 1969 suarum
1792 1906 1901 1968 omni·

394 1986 484 2058 haud
498 1984 665 2056 difficulter
677 1988 880 2075 intelligitur,
896 2003 965 2055 tum
977 2010 1126 2077 pamene-
1169 2011 1225 2057 um
1240 1987 1491 2057 consideratione
1506 1993 1720 2070 coniunxerit,
1737 2010 1818 2075 quae
1834 1988 1899 2074 ipsa

394 2078 478 2145 ricae
491 2072 692 2163 theologiam
709 2079 868 2143 moralem
886 2075 1044 2145 trahendi
1059 2096 1125 2143 me-
1168 2078 1251 2142 ratio
1262 2072 1388 2156 deDeo‚
1403 2082 1531 2165 eiusque
1539 2078 1715 2158 sanctitate,
1726 2076 1899 2154 &iustitiam

392 2159 502 2244 rhodi,
517 2158 869 2250 tumparadigmaticae,
884 2184 955 2230 non
968 2166 1075 2230 minus
1088 2181 1125 2228 ac
1167 2183 1282 2229 omnes
1297 2161 1459 2231 condocet
1474 2189 1484 2241 ς
1503 2163 1595 2231 facile
1609 2166 1706 2230 etiam
1714 2208 1725 2244 ‚
1740 2180 1898 2249 quaenam

382 2248 616 2339 dogmaticae,
636 2250 779 2337 exempla
796 2250 892 2337 longe
905 2240 1124 2337 praestantilli·
1166 2246 1286 2317 sibiaut
1299 2248 1441 2316 facienda
1454 2252 1549 2317 autfu
1573 2248 1666 2315 ienda
1679 2247 1748 2329 lint,
1765 2247 1895 2326 videbit,

390 2358 448 2405 ma
460 2335 656 2421 inscriptura
670 2336 756 2403 sacra
769 2339 918 2403 inueniri.
962 2334 1124 2403 Falluntur
1165 2331 1285 2421 quidue
1302 2332 1358 2402 fibi
1373 2272 1615 2421 exspeelandum
1630 2334 1684 2416 sit,
1705 2336 1727 2403 si
1741 2336 1896 2402 Numinis

389 2419 554 2511 equidem,
569 2426 624 2508 qui
638 2426 758 2489 artium
777 2420 1121 2504 omnium‚&huma·
1162 2423 1323 2488 voluntati
1352 2444 1420 2487 non
1451 2426 1730 2508 obtemperauerit.
1786 2421 1896 2503 Atque

389 2531 452 2579 nae
466 2506 655 2577 eruditionis
674 2508 901 2593 firmamenta,
915 2515 948 2576 in
964 2509 1054 2575 sacris
1069 2510 1119 2573 lit·
1161 2506 1359 2591 hincistastn'
1372 2508 1461 2594 ipstas
1473 2513 1586 2575 notitia
1600 2511 1711 2588 oritur,
1727 2528 1824 2594 quam
1840 2526 1894 2570 ve·

389 2598 467 2665 teris
486 2610 643 2683 quaerunt
660 2620 670 2673 5
699 2616 773 2661 cum
787 2596 874 2664 Deus
894 2598 1018 2665 huncce
1034 2596 1118 2661 iniis
1162 2616 1215 2661 tae
1224 2594 1396 2682 sapientiae
1408 2594 1605 2663 initiumelle
1612 2640 1624 2676 ‚
1639 2598 1755 2662 merito
1770 2612 1895 2661 veteres

389 2684 581 2771 neutiquam
606 2680 663 2749 fibi
682 2681 894 2750 constitutum
919 2682 1065 2750 habuerit
1081 2674 1118 2747 li-
1161 2678 1278 2749 dixere.
1321 2682 1413 2765 Qrae
1433 2704 1508 2749 cum
1527 2686 1661 2749 minime
1681 2698 1893 2749 contemnen-

340 2770 343 2775 ’
387 2790 476 2839 nem.
521 2766 998 2851 heueconnafibiconnlunt,
1014 2764 1119 2854 quiad
1161 2766 1477 2848 dant,nsecundum
1489 2768 1817 2837 emendataerationis
1833 2764 1891 2831 du-

386 2874 499 2925 retam
517 2854 726 2941 diuinamque
743 2854 929 2941 sapientiam
944 2854 1117 2942 adipiscen·
1150 2856 1251 2923 elum
1261 2852 1460 2931 instituatur3
1481 2857 1579 2942 longe
1594 2876 1703 2922 tamen
1716 2856 1830 2923 tellina
1846 2853 1890 2919 fe»

386 2940 464 3013 dam
472 2963 525 3010 eas
532 2944 643 3029 legunt
648 2965 662 3021 ,·
684 2939 1118 3028 quippeadquamviamno-
1160 2942 1314 3029 liciusque
1327 2938 1498 3028 procedit,
1518 2940 1668 3008 lrlumen
1685 2942 1890 3008 reuelationis

385 3032 435 3097 bia
449 3026 632 3097 ostendunt.
690 3030 802 3113 quue
813 3050 887 3095 cum
904 3024 1118 3117 &theologia
1160 3024 1575 3097 adhibeaturinsubhdium.
1619 3029 1715 3093 Ratio
1732 3030 1819 3091 enim
1831 3046 1888 3090 na·

382 3116 516 3185 moralis
530 3136 605 3181 com
630 3131 714 3181 arata
728 3114 784 3191 litt
805 3136 874 3180 non
887 3136 924 3181 ex
938 3114 1002 3181 alio
1017 3136 1054 3182 ea
1070 3136 1118 3181 re-
1160 3132 1266 3183 turam
1273 3130 1400 3183 tautum
1407 3131 1592 3201 corruptam
1601 3114 1782 3201 cognoscita
1797 3131 1889 3179 reue·

385 3200 1117 3287 ffluequamlcripturaesacrae,hauriturlon-
1158 3195 1888 3289 latioautemnontantumcorruptionisistiue

383 3306 428 3360 te.
474 3284 1114 3375 Cumlihroautemstripturaequodcon-
1157 3286 1430 3375 profunditatem,
1446 3292 1667 3377 originemque
1681 3281 1888 3365 demonstrat,

381 3372 581 3466 iungendum
589 3372 727 3442 diximus
740 3374 1002 3455 librumnamae,
1016 3394 1115 3441 nemo
1157 3372 1295 3444 sed&de
1301 3372 1381 3443 llatu
1388 3392 1520 3444 naturae
1527 3380 1666 3463 integrae
1674 3396 1711 3441 ac
1727 3370 1887 3441 restitutae

380 3465 562 3546 nrirabitur,
570 3464 626 3551 qui
633 3456 736 3528 modo
744 3458 1116 3549 cognouerit‚quidhaec
1157 3483 1217 3528 nos
1234 3459 1349 3541 erudit,
1366 3465 1401 3531 ὅτ
1413 3465 1458 3529 ita
1469 3460 1567 3549 longe
1582 3460 1815 3529 adcuratiorem
1829 3478 1888 3523 na·

381 3546 440 3620 sabi
455 3552 531 3619 velit
543 3547 697 3636 loquendi
710 3551 804 3615 ratio.
849 3548 1113 3632 Generatimqui·
1155 3568 1246 3616 turae
1267 3546 1428 3615 humanae
1451 3552 1674 3635 cognitionem
1694 3544 1887 3636 suppeditat.

381 3636 475 3719 dem,
488 3632 530 3703 ad
547 3658 653 3703 rerum
668 3636 863 3703 naturalium
878 3656 915 3701 ac
928 3630 1112 3700 diuinarum
1155 3636 1195 3701 Et
1202 3630 1242 3701 ad
1252 3651 1401 3702 naturam
1409 3632 1721 3721 quidemrellitutam
1733 3634 1822 3721 quod
1836 3651 1883 3699 at-

379 3722 617 3793 adcuratiorem
655 3726 876 3811 cognitionem
915 3720 1111 3808 consequen·
1153 3725 1245 3799 tinet,
1259 3720 1364 3788 homo
1378 3724 1535 3809 regenitus
1549 3721 1662 3803 multa,
1678 3743 1760 3809 quae
1772 3719 1885 3788 diuina

377 3808 467 3893 dam,
478 3826 652 3893 utrumque
663 3810 782 3877 librum
794 3805 1027 3876 consulendum
1040 3805 1111 3885 elle,
1152 3808 1308 3875 Numinis
1321 3810 1422 3895 gratia
1436 3811 1470 3875 in
1484 3830 1523 3877 eo
1539 3806 1658 3891 effecit,
1678 3811 1712 3874 in
1725 3807 1756 3875 se
1770 3806 1882 3893 depre-

375 3896 470 3985 supra
478 3893 658 3977 docuimus,
674 3896 762 3964 nar.
776 3913 842 3981 cap.
849 3898 908 3960 111.
920 3898 1048 3977 §.XIX
1071 3894 1110 3961 In
1151 3890 1281 3976 hendit‚
1297 3916 1413 3982 magna
1433 3899 1543 3983 vtique
1556 3918 1594 3963 ac
1607 3896 1784 3981 praeclara,
1800 3913 1882 3981 quae

376 3982 650 4053 dodrinamorali
658 4004 734 4051 vero
742 3979 1108 4069 cumprimiahocneces·
1151 3984 1285 4049 ceterisi
1308 3982 1466 4050 notasunt
1474 4002 1569 4068 atque
1577 3978 1774 4050 abscondita.
1816 3984 1881 4047 Eo·

374 4066 483 4146 seclia
503 4066 685 4157 praesertim
696 4066 718 4137 fi
731 4071 795 4138 hoc
808 4089 880 4135 non
894 4086 962 4135 tam
976 4065 1015 4136 de
1029 4068 1107 4133 libro
1173 4088 1213 4133 ue
1230 4002 1389 4155 rpeiam,
1408 4066 1431 4136 sa
1447 4069 1531 4138 reete
1544 4070 1779 4157 intelligamur,
1796 4089 1880 4156 quae

373 4158 684 4240 warmarium,
723 4178 797 4223 uam
807 4154 1106 4234 naturaehumanac,
1148 4170 1162 4221 t
1187 4154 1294 4241 eulogi
1305 4152 1436 4241 quidam
1445 4152 1621 4237 deinterno,
1636 4158 1734 4243 quiin
1746 4155 1881 4224 homine

374 4266 474 4333 quem
488 4245 523 4313 dc
534 4245 688 4311 nonnulli
699 4178 816 4309 librum
835 4242 1030 4327 conscientiae
1047 4262 1106 4307 uo·
1147 4240 1323 4333 (regenne)
1338 4240 1392 4325 est,
1407 4242 1564 4327 thesaure,
1579 4242 1700 4313 dicunt.

375 4350 470 4415 carre,
484 4330 692 4418 intelligatur.
741 4329 990 4419 cogitationum
1008 4330 1105 4395 nimi-
1236 4330 1400 4413 Ceterum,
1416 4328 1529 4397 firatio
1541 4332 1576 4396 in
1590 4334 1639 4412 iis,
1654 4349 1735 4418 quae
1749 4330 1790 4399 ad
1803 4356 1876 4400 mo-
1918 4366 1929 4379 ·

373 4438 449 4487 riam
466 4416 701 4499 humanarum,
747 4414 1039 4503 ropensronnmque
1053 4434 1105 4481 va·
1148 4436 1199 4484 res
1215 4414 1388 4485 hominum
1402 4414 1571 4504 spellam,
1592 4438 1667 4485 cum
1680 4422 1877 4491 reuelatione

371 4508 505 4587 riantur,
521 4506 688 4591 itemquea
724 4504 869 4586 eduum,
883 4504 997 4591 quibus
1009 4522 1104 4569 num·
1148 4522 1354 4591 comparetur
1367 4528 1376 4581 ς
1398 4524 1467 4570 non
1481 4504 1590 4572 minus
1604 4504 1737 4573 illorum
1751 4510 1875 4577 euitan-

370 4612 470 4679 quam
478 4589 825 4679 nonagitanturmiseri
834 4592 996 4672 mortales,
1011 4586 1103 4678 indo·
1146 4588 1205 4659 dus
1220 4610 1309 4660 error
1320 4589 1375 4673 est,
1389 4593 1444 4679 qui
1459 4611 1600 4679 pugnam
1608 4592 1782 4681 quamdam
1791 4599 1877 4664 inter

370 4680 454 4769 lem,
468 4676 756 4772 adhaerentenque
768 4674 854 4773 hisce
865 4680 1022 4780 entibus,
1030 4698 1103 4780 epr·
1142 4681 1305 4779 ragonem
1320 4678 1356 4753 ec
1372 4682 1601 4759 reuelamnem
1622 4684 1874 4759 commitstun-

1809 4788 1873 4858 rur,
