5259 5967
712 712 715 719 ·
766 700 830 779 nn
852 688 2088 837 τΗεοιοᾱῐΑτΗΒΕ-ΕΑ,ξξζζΡ,ξ)ξζλξξζζῐ-Ἇω34ς

553 866 610 931 ita
627 880 692 929 nec
707 878 792 938 eam,
813 879 912 944 quarn
930 880 1021 923 tun.
1042 877 1309 924 nentncnruou
1353 854 1507 940 apologia,
1531 858 1674 945 itemque
1695 862 1875 944 repetitione
1892 864 2090 953 Augnstnnne

550 946 724 1037 sequutus
737 943 794 1026 est,
818 942 977 1012 tradendi
998 945 1212 1031 theologiam,
1236 946 1309 1011 rati·
1354 940 1549 1029 confhffionis,
1562 964 1645 1029 quae
1661 945 1776 1013 itidem
1790 952 1875 1016 inter
1888 950 1943 1016 scri
1968 952 2087 1041 tadog.

549 1056 670 1115 onem
687 1031 817 1120 prorsus
833 1028 1117 1111 reiiciendamelse,
1132 1033 1254 1117 patebit
1269 1050 1307 1100 ex
1353 1033 1470 1095 matica
1506 1050 1885 1103 manaucnruonrs
1909 1058 1924 1101 r
1955 1042 2015 1106 erri
2035 1041 2085 1107 so·

550 1126 613 1205 iis,
640 1143 727 1209 quae
739 1142 827 1187 nunc
842 1140 941 1207 porro
956 1115 1108 1184 dicemus.
1350 1117 1430 1195 lent,
1452 1121 1670 1203 opportunior
1683 1124 1742 1188 erit
1754 1119 1880 1190 dicendi
1894 1124 1994 1205 locus,
2008 1146 2085 1194 cum

656 1228 830 1275 rusurrvs
849 1208 1005 1273 nimirum
1025 1226 1305 1284 Msbnncttrttors,
1350 1201 1390 1269 de
1402 1204 1490 1269 libris
1505 1205 1686 1293 symbolicis
1712 1206 1859 1277 ecclesiae
1878 1208 2004 1280 nostrae
2024 1210 2084 1279 dis-

553 1294 602 1365 acl
620 1292 848 1363 restaurandas
862 1296 900 1359 in
913 1293 1089 1359 Germania
1102 1296 1204 1359 bonas
1222 1294 1306 1359 litte-
1350 1289 1496 1358 letemus.
1541 1295 1591 1358 De
1605 1293 1795 1361 locisautem
1809 1296 1986 1385 theologicis
2010 1320 2078 1367 sta·

553 1407 611 1453 ras
632 1400 745 1463 natus,
759 1379 909 1467 idemque
931 1379 972 1447 ad
993 1379 1188 1466 compendia
1203 1382 1238 1448 ὅ(
1260 1380 1308 1467 sy·
1351 1398 1662 1447 LANCHTHONIS
1683 1382 1792 1467 paullo
1826 1382 2007 1470 diligentius
2027 1383 2082 1453 ad-

558 1470 704 1543 sternata
715 1466 877 1537 scribenda
891 1465 985 1535 valde
1001 1488 1124 1553 pronus
1137 1486 1213 1535 erat.
1234 1468 1308 1534 Nec
1352 1462 1415 1533 huc
1430 1466 1526 1531 nobis
1539 1465 1700 1553 agendum
1714 1465 1768 1549 est,
1790 1473 1911 1557 quippe
1927 1496 1946 1539 a
1967 1474 2083 1559 quibus

561 1562 742 1649 quisquam
755 1572 873 1625 temere
897 1551 1020 1622 adhoc
1039 1558 1140 1641 magis
1154 1554 1309 1630 idoneus,
1353 1556 1457 1640 prima
1476 1550 1688 1640 systematicae
1715 1554 1897 1644 theologiae
1918 1562 1953 1625 in
1975 1557 2082 1627 nollra

582 1652 692 1735 uippe
701 1646 757 1731 qui
764 1664 839 1710 cum
855 1644 1011 1708 breuitate
1018 1646 1217 1729 coniungere
1236 1662 1308 1727 per·
1353 1637 1481 1706 ccclesia
1500 1639 1671 1725 repetenda
1684 1640 1727 1709 est
1741 1646 1845 1732 origo.
1889 1645 1994 1711 Prima
2008 1647 2082 1714 illo·

563 1668 794 1823 lpicuitatem,
817 1730 852 1799 dc
870 1730 1001 1796 confusa
1015 1724 1156 1815 redigere
1171 1733 1206 1795 in
1220 1725 1308 1795 ordi·
1352 1724 1784 1815 mmeditioWittenbergae
1798 1749 1892 1813 1521,
1903 1743 1933 1807 8.
1947 1732 2080 1818 prodiit,

567 1814 1308 1906 nemegregiedidiceranvariisitaqueeiusge·
1352 1816 1397 1882 ita
1417 1814 1582 1901 inscripta:
1610 1817 1686 1881 Loci
1706 1838 1879 1882 communes
1898 1818 2081 1906 theologica-

567 1912 654 1979 neris
666 1906 790 1993 scriptis
808 1904 1011 1992 theologiam
1026 1924 1155 1991 quoque
1170 1901 1305 1990 dogma·
1353 1922 1423 1966 rnrn
1445 1923 1566 1981 rernm,
1591 1903 1647 1985 seu
1673 1901 1864 1989 hypotyposes
1884 1904 2082 1994 theologicae.

568 2000 667 2063 ticam
692 1992 913 2078 locupletauir.
979 1990 1055 2056 Huc
1076 2012 1217 2078 namque
1237 1991 1304 2077 spe-
1349 1987 1514 2054 Praemish
1528 1990 1566 2054 iis
1580 1988 1624 2057 est
1637 1989 1791 2075 praefatio
1811 1991 1853 2058 ad
1868 2013 2079 2062 nertstert·

569 2084 636 2153 &at
658 2100 787 2146 examen
809 2098 926 2157 eornm,
965 2080 1019 2162 qni
1038 2079 1210 2143 nudantur
1230 2094 1305 2142 ante
1349 2080 1438 2142 isvst
1460 2097 1766 2159 rnerrursvrr,
1803 2099 1900 2164 quem
1923 2085 2014 2165 pium
2043 2083 2080 2151 dc

567 2165 1136 2339 stills‘lhtillt‘thigtlt
1154 2185 1308 2317 “tlh
1348 2159 1510 2315 illst?
1524 2163 2080 2336 lhtshthhsltzsltitt

571 2342 793 2427 Wittebcrgae
810 2359 905 2421 1554,
926 2359 958 2422 4.
974 2341 1009 2408 δι
1029 2342 1066 2404 in
1081 2336 1223 2422 operibus
1237 2340 1305 2407 cius
1350 2318 1437 2416 nein,
1452 2340 1486 2402 in
1501 2357 1565 2421 qua
1578 2356 1765 2423 argumenta
1778 2337 1928 2423 epistolae
1948 2338 1989 2407 ad
2011 2344 2078 2409 Ro-

572 2432 689 2518 legitur
696 2444 772 2493 torn.
783 2429 806 2493 l.
815 2446 848 2511 p.
855 2431 924 2509 Joo‘.
923 2428 1007 2513 seqq.
1031 2424 1307 2511 lnlinguamquo-
1350 2444 1466 2488 manos
1480 2425 1702 2509 proposuerat,
1722 2426 1842 2513 publici
1858 2429 1932 2491 iuris
1947 2427 2078 2510 fallam,

570 2538 639 2605 que
675 2518 872 2582 “manicam
885 2512 1079 2580 conuersum
1093 2510 1308 2597 proliaqcum
1349 2530 1448 2595 quam
1463 2532 1539 2576 cum
1559 2531 1710 2577 reuocare
1721 2532 1789 2576 non
1802 2511 1922 2597 posset,
1955 2513 2078 2581 secam

571 2604 770 2693 praelatione
798 2600 961 2666 luculenta
996 2621 1069 2667 toa
1080 2621 1143 2665 cta.
1166 2621 1178 2666 r
1196 2619 1306 2665 verr
1349 2598 1428 2662 locis
1443 2594 1527 2663 hisce
1538 2598 1765 2664 communibus
1780 2598 1936 2684 explicare
1953 2600 2077 2668 voluis·

574 2708 871 2768 ararrnavrrr,
892 2686 997 2753 Halae
1017 2704 1112 2769 1704,
1137 2697 1169 2761 8·
1214 2689 1305 2752 Con·
1348 2684 1389 2751 se.
1433 2681 1559 2751 Deinde
1573 2686 1609 2753 in
1617 2687 1815 2769 praefirtione
1828 2683 1964 2752 editioni
1976 2685 2077 2774 Lipsr.

570 2782 658 2847 tinet
669 2794 779 2844 autem
799 2770 1012 2861 quaestiones,
1035 2772 1246 2854 obiedliones,
1270 2774 1306 2841 dt
1350 2765 1414 2837 ensi
1428 2772 1506 2836 anni
1526 2787 1622 2854 1543,
1660 2792 1717 2839 uae
1730 2776 1850 2839 tornoI.
1864 2778 2077 2858 opernmeius,

573 2859 792 2953 responsiones
808 2857 850 2927 ad
863 2857 1002 2940 easdem,
1017 2879 1056 2927 en
1072 2863 1248 2946 praecipuis
1256 2860 1305 2925 lo·
1344 2876 1379 2943 p.
1396 2878 1463 2941 147.
1481 2855 1597 2923 inserta
1610 2794 1664 2939 cll,
1684 2858 1720 2925 bt
1743 2862 1778 2925 in
1798 2879 1921 2945 corpore
1947 2880 2077 2949 quoque

574 2956 618 3021 cis
638 2949 842 3037 theologicis.
885 2948 1005 3015 Subiici
1025 2944 1102 3013 huic
1123 2948 1233 3033 libello
1255 2945 1305 3011 so·
1348 2946 1525 3025 dotirinaee,
1538 2942 1647 3019 astat,
1669 2944 1774 3024 refert,
1802 2946 1953 3013 seinitio
1981 2946 2078 3019 hosce

574 3040 642 3111 lent
656 3036 847 3124 definitiones
859 3034 1030 3099 multarum
1052 3034 1305 3119 adpelistionm
1347 3032 1440 3098 locos
1456 3030 1496 3097 ad
1511 3029 1602 3097 vsum
1617 3028 1829 3099 domesticum
1849 3031 2026 3117 instituisse,
2041 3038 2077 3105 dc

722 3123 795 3206 oster
807 3120 848 3209 est
861 3122 895 3186 in
909 3120 1042 3205 orchestra
1065 3124 1100 3186 in
1114 3122 1305 3207 quibuolau-
1348 3141 1423 3185 cum
1437 3115 1567 3196 videret,
1584 3118 1774 3186 turbulentis
1787 3119 1849 3185 illis
1863 3124 2076 3207 temporibus,

640 3213 677 3279 ili
690 3206 836 3277 instituto
848 3229 945 3275 voces
960 3210 996 3274 in
1009 3205 1124 3273 scholis
1134 3208 1305 3294 theologo-
1352 3202 1514 3272 interdum
1535 3205 1643 3290 aliqua
1663 3205 1876 3290 explicatione
1904 3228 1987 3293 opus
2003 3209 2078 3293 else,

573 3320 651 3369 rum
665 3311 806 3383 receptas
828 3294 987 3361 succinlle
1001 3294 1035 3361 δι
1054 3294 1187 3361 neruose
1208 3295 1308 3380 expli·
1352 3290 1503 3359 addidilse
1530 3291 1561 3357 se
1588 3293 1710 3378 aliquas
1738 3288 1983 3379 descriptiones,
2018 3314 2077 3365 aut

576 3405 639 3455 cat.
682 3385 823 3468 Vterque
836 3382 926 3449 hicce
936 3380 1061 3463 libellus
1075 3378 1171 3447 exstat
1190 3384 1227 3447 in
1241 3401 1307 3445 cor·
1352 3383 1552 3468 partitiones,
1565 3375 1649 3445 vnde
1664 3376 1793 3445 tandem
1800 3379 1898 3448 hocce
1911 3404 2080 3467 opusena·

572 3492 650 3561 pere
658 3470 817 3539 dolininne
830 3467 966 3552 Philippi
987 3466 1250 3550 Melanchthonir,
1267 3464 1308 3533 de
1352 3485 1423 3533 tum
1437 3466 1541 3533 fuerit.
1609 3465 1696 3530 Cum
1708 3468 1797 3530 enim
1816 3466 1897 3534 haec
1919 3466 2028 3554 postea
2041 3474 2078 3538 in

578 3552 1308 3727 thilltlltszthlhshsl‘ll·
1351 3551 2077 3726 stillssthllttrististristis

577 3728 722 3803 eiusdem
735 3728 1015 3813 austorisepitorne
1035 3744 1203 3794 renouarat
1218 3727 1307 3794 ercle-
1348 3727 1437 3793 fuisse
1449 3719 1673 3795 neceffitatem.
1717 3726 1849 3792 subiicit
1863 3746 1982 3812 porros
2003 3732 2079 3795 Non

570 3818 708 3909 finflitat
719 3815 889 3894 dotirinoe,
914 3835 997 3900 quae
1017 3830 1091 3882 torn.
1115 3819 1160 3883 tt.
1181 3837 1198 3879 o
1220 3836 1307 3879 etum
1349 3813 1529 3893 ambitione,
1547 3834 1611 3879 non
1632 3822 1761 3884 simma.
1779 3831 1841 3876 non
1860 3813 2079 3899 emulatione,

581 3908 650 3975 eiua
680 3924 725 3970 .r.
730 3904 814 3988 seqq.
821 3902 991 3987 legimn&
1003 3904 1092 3968 cuius
1105 3834 1307 3971 occahinem
1349 3923 1411 3968 non
1424 3899 1598 3981 vtsererern
1618 3898 1718 3980 rixas,
1738 3897 1814 3965 haec
1834 3899 1873 3968 ts
1892 3900 2019 3987 institui,
2040 3904 2081 3974 θ’

578 3922 717 4063 edllhrit
731 4010 783 4056 ιο.
804 4009 1002 4056 cunrsrorn.
1031 4010 1306 4070 werenbertus,
1350 3988 1464 4075 collegi,
1470 3988 1527 4069 sed
1529 3988 1667 4071 primunt
1677 4002 1716 4051 vt
1733 4006 1782 4050 me
1798 3986 1895 4070 ipsunt
1914 3988 2078 4072 erudirem,

577 4084 616 4151 itt
629 4079 694 4167 diff
704 4079 741 4143 de
757 4078 994 4228 praecipuorum
1012 4077 1215 4162 quorumdam
1225 4079 1308 4160 staec.
1352 4076 1460 4142 deinde
1473 4092 1511 4141 vt
1525 4075 1564 4146 ὅ
1577 4074 1763 4157 aliquorum,
1776 4074 1830 4157 qui
1841 4071 1917 4138 haec
1929 4072 2079 4160 legebant,

577 4170 669 4239 XVI.
683 4166 851 4239 Εἶναι
873 4162 1044 4248 eolrgrrtrm
1051 4161 1310 4245 lutheranorum,
1350 4161 1476 4249 honesta
1487 4163 1526 4232 ὅ
1537 4159 1703 4247 piastndio
1716 4160 1909 4227 adituram.
1951 4181 2085 4232 mortu.

578 4252 722 4323 metiri
734 4249 874 4330 ambert,
888 4248 1025 4335 Philippi
1046 4248 1310 4331 Melanchthonis,
1354 4270 1489 4319 savrra
1498 4268 1579 4329 ars,
1593 4248 1649 4333 qui
1667 4243 1833 4332 diligenter
1854 4244 2032 4315 admodum
2045 4252 2082 4321 dc

578 4336 1039 4422 &c.ertrditione,inecclefiarn
1047 4336 1310 4420 meritis,&scri-
1354 4332 1512 4416 adcurate,
1529 4333 1568 4402 de
1589 4333 1674 4402 hisce
1694 4332 1768 4399 locis
1788 4353 1896 4399 turn.
1918 4354 2083 4405 uersu·

577 4426 659 4514 ptis,
671 4446 771 4512 quam
781 4421 987 4490 moderatore
1000 4444 1310 4491 cnmsrorumouu-
1355 4428 1572 4505 oluruorsts
1583 4419 1713 4501 dilsetit,
1725 4434 1829 4505 optat,
1838 4438 1873 4486 vt
1886 4423 2010 4505 primae
2017 4421 2082 4497 illi·

584 4532 699 4595 racto,
721 4505 883 4579 Alederffii
915 4532 969 4577 an.
1003 4528 1087 4591 1710
1110 4506 1312 4579 emditorum
1355 4533 1392 4577 us
1406 4506 1556 4579 &tionis
1570 4506 1691 4576 exstent
1705 4507 1859 4659 exempla,
1872 4507 1972 4574 velrt
1990 4530 2084 4581 cnse.

579 4601 724 4669 examini
737 4597 892 4684 exposuit,
906 4617 932 4664 c.
949 4597 1071 4679 ΠΜ.
1086 4601 1129 4664 ΙΙ.
1151 4604 1181 4680 §.
1203 4601 1258 4664 Vt.
1275 4617 1312 4684 g.
1355 4614 1569 4665 reversus
1584 4614 1639 4664 eos
1654 4596 1751 4662 tomis
1772 4594 1795 4658 t
1817 4594 1955 4681 ilippicis
1967 4594 2082 4665 adiun-

572 4696 635 4771 η.
700 4686 751 4751 De
768 4681 948 4772 Augurina
968 4681 1152 4773 confrffione,
1180 4687 1318 4772 eiusque
1354 4684 1473 4839 ouer&
1500 4698 1572 4753 rum
1592 4696 1629 4753 vt
1647 4678 1809 4771 profertur
1831 4682 1867 4753 δι
1885 4682 2086 4840 incrxetqeqqa

670 4792 773 4855 ,ΠΜ
794 4790 950 4844 luem·
1484 4790 1505 4840 Χ
2008 4786 2025 4840 G
2067 4789 2087 4843 θ
