5259 5967
718 692 784 773 306
977 772 980 779 Ι
1047 684 1185 751 LIBRI
1208 677 1551 749 eostemoltls
1581 672 1752 741 CAPVT
1779 672 1992 741 PRIMVM

717 826 763 897 do
777 824 969 895 catechetica
984 824 1068 907 vsos,
1085 849 1134 894 tes
1149 825 1281 913 quidem
1296 826 1361 913 ipsa
1376 824 1449 892 satis
1495 818 1637 901 mendat,
1662 821 1790 884 breuem
1800 839 1837 881 ac
1851 813 1964 881 rudem
1974 812 2239 903 designationem,

717 913 829 989 docete
851 911 938 979 idem
953 933 1062 980 tamen
1077 912 1250 985 confirmat
1274 915 1388 981 Paulus
1410 907 1452 978 ad
1497 908 1551 977 seu
1568 906 1741 973 formulam
1758 900 1934 989 quamdam
1948 925 1985 968 ac
2002 902 2237 1002 ¹sciagtaphiam

718 998 910 1069 Corinthios
933 1002 1086 1068 scribens:
1115 1023 1188 1085 pata
1202 1014 1269 1079 iaie
1285 1018 1401 1075 martra.
1429 1002 1456 1063 1.
1500 996 1694 1083 intelligunt,
1711 1013 1809 1078 quarn
1824 1012 1861 1057 ex
1877 988 2071 1089 praescripto
2094 1015 2112 1057 a
2138 988 2235 1059 olloli

719 1094 790 1156 Cor.
806 1092 909 1168 lll,2.
955 1085 1056 1174 Quod
1076 1086 1115 1155 de
1138 1084 1383 1154 catechisatione
1409 1107 1457 1153 re·
1502 1076 2099 1168 inconl'pesluhabuerit,cutusquedu
2134 1082 2235 1145 umin

720 1176 771 1245 ele
799 1176 935 1263 explicat
977 1196 1176 1243 cauturus
1203 1168 1457 1240 Alexandrinus:
1502 1168 1651 1239 docendo
1661 1168 1807 1253 sequutus
1817 1163 1854 1231 ht
1864 1162 2066 1231 Timotheus.
2113 1168 2237 1233 Verum

717 1276 854 1347 ursaria
867 1276 1059 1348 ὁμᾶςένχςιςῷ
1072 1276 1144 1347 titii
1165 1268 1307 1343 reltania?
1321 1266 1365 1341 rai
1383 1278 1458 1329 evra-
1502 1280 1577 1325 cum
1601 1260 1699 1324 etiam
1720 1272 1833 1342 typum
1858 1250 2042 1350 quemdam,
2069 1252 2119 1319 scu
2150 1254 2237 1319 sum·

718 1366 773 1429 pue
786 1364 913 1432 tarpaei·
927 1363 1091 1431 πνευματικῇ.
1152 1342 1353 1410 catechizaui
1386 1364 1456 1423 vos,
1503 1367 1591 1413 mam
1605 1343 1782 1421 doslrinae,
1795 1362 1893 1427 quam
1912 1362 1983 1424 quis
2009 1343 2121 1408 animo
2141 1364 2235 1408 cotn-

718 1431 838 1518 decess,
873 1453 931 1517 ptr
952 1432 1096 1495 auditum
1125 1432 1159 1495 r'n
1184 1429 1301 1516 Christo
1324 1426 1454 1515 institui,
1499 1429 1679 1520 prehendit,
1723 1450 1787 1495 vox
1822 1426 1938 1493 haecce
1960 1423 2117 1496 denotare
2151 1449 2231 1514 que-

709 1518 845 1608 fimplicr'
857 1522 896 1591 ὅ
906 1521 1002 1603 perse
1017 1520 1159 1583 naturali
1169 1520 1316 1585 alimento
1323 1516 1455 1601 spiritu·
1499 1538 1549 1600 at,·
1572 1515 1704 1585 infirmo
1722 1519 1869 1583 nituntur
1880 1511 2105 1599 fundamento,
2122 1520 2180 1602 qui
2192 1514 2233 1582 de

718 1608 784 1683 alie
803 1606 856 1671 lio.
873 1610 896 1670 l.
905 1605 1074 1693 paedagog.
1088 1626 1112 1669 c.
1135 1611 1189 1674 Vl.
1199 1626 1233 1691 p.
1252 1614 1302 1689 98.
1322 1600 1395 1671 add.
1420 1604 1455 1670 dc
1499 1606 1638 1673 formula
1660 1604 1800 1691 quadam
1823 1603 1933 1669 litteris
1955 1598 2138 1690 conlignata
2160 1625 2232 1669 eam

718 1696 772 1761 lio.
795 1697 830 1758 V.
855 1691 964 1778 strom.
982 1710 1016 1774 p.
1032 1713 1103 1775 579.
1170 1696 1337 1760 Summam
1353 1712 1454 1777 porro
1498 1697 1674 1781 accipiunt.
1743 1714 1776 1757 tt.
1805 1710 1985 1757 onorius
2006 1705 2160 1763 trimetria
2176 1711 2233 1777 per

719 1778 897 1869 quamdam
912 1776 1079 1846 doslrinae
1094 1776 1305 1848 catechet'icae
1325 1774 1454 1865 aposto·
1499 1782 1658 1867 exemplar
1671 1781 1816 1865 exponit,
1833 1772 2002 1863 additque:
2016 1778 2073 1857 firi
2085 1780 2124 1847 ὅ
2141 1778 2231 1841 intel·

718 1871 769 1937 lus
790 1864 916 1934 exhibet
928 1867 1004 1930 Esar.
1020 1871 1074 1948 Vs,
1088 1888 1109 1931 1.
1125 1866 1296 1955 postquam
1310 1868 1345 1931 in
1360 1885 1451 1931 ante·
1496 1869 1557 1957 lige
1578 1868 1735 1954 exemplar
1753 1868 1787 1930 iu
1807 1868 1912 1929 animo
1926 1866 2040 1951 fiarent,
2055 1866 2138 1948 quod
2162 1874 2232 1923 litat

720 1954 909 2025 cedentibus
933 1950 1103 2020 discrimen
1120 1953 1253 2043 aliquod
1275 1955 1361 2019 inter
1381 1974 1452 2033 eos,
1496 1958 1651 2023 Platonici
1664 1971 1790 2034 vocant,
1804 1950 1844 2019 ad
1865 1951 1896 2018 h.
1913 1952 1932 2017 L
1977 1949 2121 2039 Legenda
2143 1971 2230 2037 qnae

719 2046 776 2133 qui
792 2038 975 2110 instituendi
990 2041 1109 2108 suntin
1128 2040 1274 2111 doelrina
1296 2042 1451 2121 veritatis,
1497 2041 1537 2110 de
1554 2054 1706 2115 ermetis«
1729 2041 1784 2107 illa
1804 2040 1890 2105 Pauli
1906 2062 1929 2106 u
1939 2061 1956 2105 e
1967 2060 2035 2104 nrt.
2049 2058 2173 2104 eoiret
2187 2060 2232 2102 ve

720 2127 946 2208 constituerat,
971 2129 1117 2215 aliosque
1144 2144 1227 2199 rutae
1250 2124 1357 2195 adhuc
1380 2126 1451 2207 else,
1497 2128 1624 2208 disserit,
1644 2129 1690 2191 mi
1701 2129 1807 2195 tellau.
1821 2129 1903 2210 fiacr.
1917 2143 1990 2191 tom.
2010 2130 2050 2191 11.
2070 2128 2232 2189 exercitat.

719 2218 885 2298 docuerat,
910 2218 1025 2303 quibus
1045 2218 1093 2281 lac
1121 2212 1375 2303 propinandum,
1398 2215 1450 2281 seu
1496 2221 1582 2284 XVI.
1594 2234 1627 2299 p.
1635 2222 1695 2297 561.
1733 2218 1766 2283 dc
1791 2237 1872 2302 quae
1894 2216 2026 2299 ipsemet
2049 2216 2175 2289 monui,
2196 2218 2232 2278 in

718 2324 755 2375 ‚a
767 2318 861 2383 ,axla
873 2326 920 2379 atu
933 2320 1015 2383 lixi,
1026 2324 1074 2371 aar
1087 2324 1177 2384 amam
1188 2318 1224 2373 ae
1235 2302 1455 2373 uaeinculcan-
1498 2302 1739 2391 institutionibus
1753 2301 1921 2387 theologiae
1934 2302 2124 2387 dogmaticae
2137 2300 2192 2366 lili.
2206 2304 2231 2363 l.

719 2386 762 2456 du
777 2386 894 2460 essenti
915 2386 995 2451 alios
1012 2402 1121 2453 autem
1134 2399 1235 2467 atrita
1256 2389 1371 2473 quibus
1386 2411 1454 2469 ,aa
1498 2414 1523 2457 c.
1540 2396 1565 2456 1.
1580 2386 1620 2454 ad
1635 2401 1668 2470 ς.
1683 2394 1751 2455 LII.
1763 2410 1796 2473 p.
1803 2411 1849 2467 at.
1896 2389 1933 2452 ln
1949 2389 2072 2473 scriptis
2093 2410 2231 2474 euange-

719 2494 801 2557 ηοω
822 2470 982 2539 debeamr.
1050 2474 1165 2558 Neque
1185 2478 1347 2541 tamenin
1369 2473 1454 2543 hisce
1498 2475 1690 2547 liliatum&
1708 2475 1947 2561 apostolorum,
1984 2478 2120 2560 quaein
2142 2474 2232 2540 sacro

719 2560 826 2626 verbis
863 2556 1097 2646 compendium
1123 2558 1256 2645 aliquod
1283 2560 1454 2629 catecheti·
1497 2567 1577 2631 noui
1601 2560 1779 2631 testamenti
1794 2562 1904 2628 codice
1920 2560 2052 2642 exstant,
2078 2560 2232 2629 nihiloc-

719 2667 808 2728 cum,
834 2664 890 2713 aut
911 2649 1051 2712 omnino
1073 2644 1208 2733 systema
1232 2646 1453 2737 theologicum
1497 2648 1734 2736 currere,quod
1756 2650 1892 2737 speciem
1916 2646 2101 2735 compendii
2122 2652 2231 2716 cuius-

719 2731 950 2887 quaerendum,
968 2730 1057 2819 quod
1070 2734 1221 2800 nonnulli
1239 2735 1376 2811 faciunt,
1401 2732 1451 2801 scd
1496 2737 1571 2805 dam
1586 2756 1641 2804 aut
1654 2735 1827 2825 systematis
1837 2738 2013 2820 theologici
2029 2737 2230 2823 rescrat,ipsa

734 2844 845 2889 umma
866 2837 995 2887 tantum
1018 2817 1175 2909 quaedam
1202 2824 1307 2907 capita
1337 2822 1450 2888 Paulus
1495 2828 1625 2893 illorum
1639 2824 1909 2912 inspesliodocet.
1954 2826 2042 2891 Licet
2057 2828 2234 2891 euiml'au·

721 2907 859 2991 indicat,
873 2929 1015 2997 quorum
1032 2911 1150 2975 notitia
1163 2906 1319 2991 rudiores,
1333 2912 1387 2997 qui
1402 2908 1451 2973 vi·
1495 2916 1559 2994 lus,
1573 2912 1690 2996 aliique
1704 2909 1854 2998 aposloli,
1871 2912 1906 2975 in
1919 2910 2056 2997 epillolis
2071 2912 2132 2977 suis
2150 2910 2233 2999 dog·

721 3018 764 3064 aaa
785 3019 866 3064 voce
886 2994 1166 3077 informabantur,
1203 2999 1306 3064 imbui
1330 2996 1452 3063 necesse
1496 2998 2233 3083 maratradentitatamentantumattingunt,

720 3104 798 3151 etat.
841 3086 923 3151 Sunt
941 3086 998 3170 qui
1013 3105 1051 3149 ex
1071 3084 1175 3149 rubis
1197 3080 1260 3149 illis
1283 3104 1452 3170 argumen·
1498 3106 1638 3175 quorum
1652 3087 1901 3172 explicationem
1915 3103 1970 3152 aut
1986 3084 2082 3152 status
2104 3085 2234 3153 ecclesi·

720 3186 792 3239 t'um
813 3176 955 3255 capiunt,
978 3192 1044 3255 quo
1060 3172 1210 3255 probent,
1231 3171 1365 3237 Paulum
1385 3192 1454 3237 non
1498 3195 1588 3241 arum
1603 3169 1644 3238 ad
1655 3194 1732 3259 quas
1751 3174 1940 3253 scribebant,
1960 3192 2014 3237 aut
2038 3192 2233 3239 controuer-

721 3258 782 3325 ell'e
797 3254 1126 3343 austorem'epillolae
1139 3253 1180 3324 ad
1201 3260 1351 3339 Ebraeos,
1371 3278 1452 3345 quos
1497 3258 1624 3340 sattim,
1640 3282 1722 3345 quae
1736 3282 1776 3327 eo
1791 3279 1937 3345 tempore
1951 3263 2163 3346 agitabantur,
2179 3284 2231 3325 ta-

722 3344 904 3413 inter&1o.
922 3364 1132 3410 ctrvruvs
1148 3344 1452 3430 nornensuumpro-
1497 3351 1544 3416 tio
1575 3346 1778 3433 pullulabat:
1824 3350 1929 3413 multo
1949 3350 2057 3413 minus
2078 3346 2228 3414 ordinem

721 3430 814 3499 sessus
828 3428 890 3510 est,
913 3434 1071 3517 quoniam
1089 3431 1280 3499 catechetica
1291 3428 1452 3499 institutio
1496 3456 1679 3522 nexumque
1691 3432 1923 3523 systematicum
1937 3435 2123 3512 obseruant3
2137 3433 2229 3520 quod

745 3518 795 3589 ost
806 3517 1031 3607 apostolomm
1045 3516 1177 3585 demum
1185 3536 1450 3608 temporaexotta
1496 3526 1601 3591 necin
1621 3518 1760 3608 epistolis
1775 3518 1842 3591 ficri
1858 3523 1949 3590 solet.
1992 3525 2100 3589 Miror
2117 3525 2229 3608 iraque

721 3542 767 3678 ht.
813 3604 873 3675 Sed
894 3626 993 3693 quam
1013 3604 1167 3673 friuolam
1187 3604 1251 3673 hoc
1272 3604 1319 3689 stt,
1343 3610 1448 3674 immo
1492 3608 1585 3678 aliud
1600 3606 1677 3695 quid
1689 3607 1745 3676 fibi
1761 3607 1936 3697 persuasisse
1958 3633 2001 3676 ιο.
2017 3632 2120 3676 uruit.
2141 3633 2229 3677 nor·

720 3710 828 3783 aperte
846 3692 971 3774 salsum,
988 3714 1086 3761 nemo
1101 3716 1169 3760 non
1184 3694 1342 3783 intelligit,
1360 3696 1395 3763 dc
1412 3712 1449 3761 ex
1494 3719 1686 3779 aratorium,
1701 3693 1779 3765 dum
1799 3700 1959 3783 originem
1975 3697 2156 3784 theologiae
2175 3696 2228 3784 sy-

721 3782 868 3853 inllituto
882 3780 1021 3849 ollendit
1042 3803 1151 3849 rain.
1166 3802 1449 3862 senunchiis,
1493 3784 1676 3853 stematicae
1690 3786 1730 3850 ab
1750 3783 1902 3871 apostolis
1920 3786 2067 3852 arcellcre
2082 3805 2150 3849 non
2164 3783 2224 3850 du-

721 3870 761 3941 de
775 3870 1263 3956 artiloreepistolaeatlEbraeot,
1279 3887 1366 3955 part.
1389 3874 1450 3936 lll.
1494 3875 1582 3939 bitat.
1628 3873 1699 3937 Siue
1713 3876 1794 3937 anim
1810 3874 1958 3959 integrat,
1979 3876 2096 3957 inquit,
2115 3892 2227 3957 expan-

721 3982 746 4026 c.
765 3964 819 4025 Vs.
833 3976 908 4025 tom.
923 3961 966 4028 11.
987 3979 1005 4023 o
1027 3978 1069 4027 er.
1085 3975 1119 4042 p.
1136 3964 1200 4023 262.
1212 3960 1296 4045 seqq.
1340 3958 1450 4044 Atque
1492 3961 1613 4041 damus,
1626 3976 1693 4023 tum
1713 3961 1900 4043 reliquorum
1919 3959 2137 4045 apostolorum,
2158 3980 2226 4025 tum

720 4050 766 4117 ita
780 4044 913 4135 quidem
925 3976 1059 4127 conlht,
1079 4044 1255 4133 apostolos,
1280 4043 1359 4113 dum
1373 4048 1449 4112 viua
1491 4048 1671 4132 cumprimis
1690 4048 1785 4112 Pauli
1802 4046 1951 4133 epistolar,
1963 4048 2030 4132 stite
2049 4051 2226 4113 enarratio-

720 4158 802 4205 voce
815 4136 894 4203 alios
909 4130 1127 4213 erudiuerunt,
1144 4128 1169 4201 st
1182 4155 1258 4202 cum
1266 4130 1448 4199 rudioribus
1488 4156 1561 4201 uem
1574 4149 1725 4199 certorum
1740 4134 1895 4221 religionis
1909 4139 2058 4220 sapitum,
2079 4138 2229 4201 dubitare

722 4222 784 4291 illis
804 4244 852 4290 res
866 4220 953 4305 elset,
968 4218 1307 4307 catecheticaquadam
1322 4218 1446 4287 institu-
1486 4242 1551 4309 pon
1564 4220 1728 4309 poffitmut,
1757 4224 1934 4307 coniptntlia
1953 4224 2147 4304 cati-thetica,
2168 4222 2224 4308 hy·

723 4313 815 4379 tione
827 4310 909 4377 vsos.
977 4309 1024 4375 At
1037 4308 1229 4395 compendia
1241 4306 1446 4387 catechetica,
1489 4312 1653 4397 notypofiu,
1669 4309 2227 4399 adeoquemethodumfyilematicam,

722 4394 901 4483 similiaque
914 4418 970 4465 eos
985 4396 1198 4483 composuisse
1223 4395 1349 4483 scripta,
1371 4392 1446 4460 inde
1495 4419 1534 4465 nt
1557 4400 1711 4481 infantiae
1733 4399 1854 4482 quidem
1882 4398 2065 4485 christianae
2089 4399 2227 4484 etelestae

723 4485 871 4571 colligere
885 4485 1049 4552 nonlicet.
1071 4488 1154 4551 Non
1169 4479 1282 4550 desunt
1289 4480 1451 4570 equidem,
1486 4485 1578 4572 faiffl
1591 4492 1740 4572 ignotam,
1754 4502 1931 4551 mutuatam
1944 4487 2054 4573 quippe
2075 4489 2114 4557 εἰ
2125 4492 2228 4571 trans-

745 4574 779 4639 ui
802 4593 858 4657 pet
887 4585 1043 4646 auaitum
1059 4588 1318 4657 lautumiarum.
1354 4591 1452 4656 quam
1486 4576 1625 4657 fitmtam
1645 4594 1684 4638 ex
1688 4575 1849 4663 synagoga
1861 4576 1996 4653 iudaice,
2010 4577 2225 4662 quami-gis

703 4721 706 4727 .
745 4660 837 4731 aulus
852 4657 1028 4731 Timotheo
1043 4658 1101 4727 suo
1116 4661 1158 4725 11.
1177 4660 1452 4745 Tim.,1,13.eom-
1496 4662 1877 4748 &praecipitaremus
1910 4661 2048 4729 babebat
2064 4664 2226 4747 firmatas,

2084 4772 2226 4839 compen·
