5259 5967
565 729 572 739 ·
650 692 1686 777 DB'PROPAEDEVMATIBVSTHEOLOGICIS.
1839 706 1904 777 157
1998 806 2001 815 1

380 800 1756 841 mma—w·
1779 806 1901 823 ...-

382 846 580 931 cumprimis
610 844 717 914 adhuc
753 850 851 917 essent
879 852 1120 918 itinerariorum
1163 853 1228 916 iam
1239 848 1373 929 dietum,
1391 852 1425 918 &
1439 871 1536 917 nemo
1544 844 1779 931 nonintelligit.
1788 843 1898 908 Theo·

381 930 511 1022 quidam
523 931 712 1018 scriptores,
742 940 798 1022 qui
823 960 878 1017 ea,
895 958 976 1021 quae
997 936 1118 1002 hucsa·
1161 937 1266 1025 logiae
1298 938 1415 1004 cultori
1443 938 1494 1004 vel
1516 935 1590 1002 ideo
1618 924 1894 1009 commendanda,

382 1026 481 1099 dunt,
496 1020 721 1088 obseruatum.
765 1026 846 1089 Sunt
861 1030 948 1091 enim
963 1028 1117 1090 intereos
1151 1054 1155 1065 ·
1184 1021 1252 1091 uod
1271 1048 1306 1090 ar
1328 1043 1457 1093 umenta
1475 1025 1509 1091 dc
1527 1022 1714 1108 sapientiae,
1736 1019 1769 1084 dt
1784 1017 1894 1100 proui-

382 1108 558 1188 nonnulli‚
582 1111 640 1192 qui
662 1109 739 1175 talia
758 1132 826 1176 non
849 1113 1116 1196 praetermittunt,
1160 1047 1287 1178 dentiae
1295 1045 1434 1191 thisinae,
1442 1113 1539 1197 longe
1555 1104 1894 1200 pulcherrima,&nu-

382 1196 487 1263 immo
510 1194 562 1259 vel
584 1198 725 1263 maxime
749 1194 789 1263 ad
824 1221 861 1266 ea
872 1196 1060 1280 attendunt,
1081 1216 1117 1263 vt
1158 1220 1250 1264 mero
1262 1198 1326 1266 sere
1340 1195 1484 1278 infinita,
1499 1199 1592 1263 nobis
1619 1188 1807 1280 suppediteta
1823 1209 1894 1287 qur-

382 1302 702 1363 rusvruorrvs,
724 1287 1116 1367 aioncoursrvs,alii-
1160 1278 1892 1361 busnontantrunatheosstultitiae&impre-

383 1389 456 1456 que.
511 1366 707 1435 Laudandus
726 1367 779 1437 hie
801 1394 876 1457 prae
890 1375 1016 1457 reliquis
1032 1394 1116 1439 urs.
1160 1376 1230 1438 tatis
1249 1375 1452 1452 conuincam,
1469 1368 1521 1437 sed
1534 1372 1680 1435 animum
1692 1385 1822 1515 quoque
1831 1381 1894 1429 nor
1960 1382 1965 1391 ·

383 1473 570 1536 Romus,
583 1459 632 1533 vir
645 1452 852 1538 doslislimus,
865 1464 921 1543 qui
933 1462 1117 1546 linguager·
1159 1457 1258 1525 strum
1284 1457 1325 1525 ad
1347 1457 1460 1525 ¹laudes
1482 1459 1635 1524 Numinis
1665 1474 1767 1519 conce
1782 1452 1893 1515 ebram-

384 1543 511 1609 manica
527 1545 587 1607 iter
598 1543 692 1615 suurn
704 1542 744 1610 ad
753 1551 1016 1630 promontorium
1031 1546 1117 1612 Afri-
1159 1545 1239 1626 das,
1260 1548 1503 1632 potentiamque
1525 1541 1720 1609 eius-deuote
1739 1555 1895 1603 veneran-

381 1650 436 1696 tae
460 1629 863 1714 capuehonaespeidietum,
876 1655 975 1719 quam
983 1632 1116 1720 diligem
1158 1631 1246 1714 dam,
1259 1636 1394 1699 excitare
1414 1631 1592 1719 possumus.
1658 1624 1719 1695 Sed
1738 1622 1893 1691 haetenus

386 1673 498 1783 nsslme
511 1712 1117 1806 descripfit,speciatimvero&ea,quae
1159 1717 1201 1788 de
1226 1743 1263 1787 ea
1284 1717 1432 1787 historiae
1459 1718 1610 1786 naturalis
1631 1732 1720 1802 parte
1739 1708 1893 1788 diximus,

386 1800 426 1870 ad
443 1800 610 1870 historiam
630 1807 808 1873 naturalem
821 1807 983 1894 spedlant,
999 1829 1117 1894 magna
1158 1828 1242 1894 quae
1271 1828 1448 1893 corporum
1469 1802 1730 1892 proprietates&
1749 1797 1895 1885 phaeno-

386 1892 564 1969 ,τῦεᾶνβιίιε
578 1887 683 1974 laude,
695 1893 905 1979 prosequutus
919 1894 975 1962 est.
1007 1892 1116 1961 Prodi·
1159 1914 1255 1961 mena
1268 1897 1399 1980 quamtis
1419 1911 1552 1962 enarrat.
1617 1889 1730 1956 Altera
1748 1881 1892 1983 quidem,

387 1977 547 2067 itinsigne
565 1975 667 2047 hocce
686 2002 708 2045 ο
734 2003 770 2046 us
785 1983 1016 2068 Norimbergae
1032 1999 1116 2063 1719
1160 2003 1241 2067 quae
1255 1979 1430 2048 hominum
1444 1982 1590 2067 ingenia,
1605 1996 1722 2055 mores,
1738 1970 1890 2049 adtectus,

387 2066 440 2134 sol.
452 2064 515 2133 Sed
528 2067 621 2152 plura
633 2085 669 2132 vt
683 2003 855 2147 addamus,
868 2066 1003 2135 instituti
1016 2066 1117 2134 nostri
1159 2068 1315 2147 describit,
1324 2067 1475 2154 superest,
1488 2066 1633 2152 adquam
1642 2064 1807 2147 scriptores
1816 2057 1892 2124 clia·

387 2174 444 2221 uec
463 2155 647 2240 permittit,
666 2176 727 2221 nec
746 2154 910 2239 postulat,
935 2157 1030 2221 ratio.
1074 2154 1117 2221 Vt
1159 2153 1343 2225 raderillici
1349 2199 1362 2238 ,
1376 2159 1531 2240 itemque,
1543 2155 1599 2240 qui
1614 2149 1654 2219 de
1661 2148 1805 2216 moribus
1813 2164 1892 2243 gen·

385 2260 491 2317 autem
498 2236 933 2328 historiaenaturalismagna
948 2240 1116 2310 estiucun·
1159 2245 1243 2308 tium
1258 2245 1468 2308 commentati
1475 2242 1560 2322 sunt,
1569 2238 1762 2308 reseruntur:
1775 2231 1892 2317 dequi-

387 2326 466 2397 ditas
486 2330 749 2414 amoeniusque,
763 2331 808 2395 ita
826 2326 891 2397 stne
912 2352 949 2396 ea
970 2326 1117 2416 physicae
1160 2330 1218 2394 bus
1232 2346 1342 2395 tamen
1357 2331 1508 2401 omnibus
1522 2350 1598 2394 cum
1611 2327 1686 2393 alibi
1700 2323 1731 2391 se
1744 2322 1892 2386 oblatura

385 2417 609 2486 metationem
622 2412 679 2482 fibi
694 2437 763 2482 non
783 2414 943 2498 constare,
967 2418 1003 2485 dt
1020 2434 1116 2483 autea
1158 2413 1197 2481 srt
1209 2411 1483 2492 diceudioccasroa
1496 2413 1548 2480 hic
1556 2410 1670 2501 pedem
1685 2408 1822 2497 figimus.

490 2545 520 2616 ς.
538 2527 620 2604 XV.
642 2527 804 2604 Historia
818 2527 934 2603 ciuilis
955 2526 1018 2603 seu
1060 2527 1202 2619 olitica,
1220 2527 1308 2604 dum
1322 2552 1575 2629 regnontmac
1589 2549 1712 2601 rerum
1728 2518 1890 2622 publica·-

381 2652 466 2707 mm
479 2626 654 2727 origines,
667 2624 749 2718 sata,
761 2627 1002 2718 incrementa,
1045 2648 1269 2720 ecremerrta,
1284 2625 1563 2719 conuersrorr'es,
1587 2621 1775 2709 interitus,
1790 2638 1890 2727 cete-

377 2748 500 2827 taque
511 2724 584 2800 huc
597 2720 793 2827 spedlantia
806 2722 975 2816 delineat,
990 2722 1210 2823 addi'uinam
1228 2722 1331 2803 srmrrl
1378 2724 1641 2813 rouidcntiam,
1655 2708 1891 2797 luculentissi-

378 2824 503 2902 mein
516 2821 610 2900 hisce
623 2823 800 2900 omnibus
815 2818 887 2899 sese
901 2821 1140 2925 exserentem,
1154 2822 1337 2926 agnosceu
1383 2850 1499 2902 mnos
1518 2817 1740 2899 manuducit.
1790 2813 1891 2925 Tam

376 2921 484 3004 arsio
495 2918 645 3023 insuper
664 2920 816 3013 vinculo
825 2947 911 2999 cum
924 2920 1073 2999 historia
1091 2921 1321 3001 ecclesiastica
1342 2923 1394 2999 est
1414 2921 1629 3012 conlundi,
1656 2941 1698 2995 vt
1711 2915 1773 2992 vix
1788 2935 1889 3016 quis·

376 3046 494 3129 quam
500 3018 658 3097 feliciter
674 3019 718 3095 in
735 3019 806 3096 hac
820 3019 1071 3122 progressurus
1087 3019 1139 3115 srt,
1155 3020 1220 3097 nisr
1234 3022 1299 3123 qui
1312 3022 1409 3098 illam
1422 3022 1523 3098 fimul
1543 3016 1787 3095 delibauerit*
1875 3108 1878 3113 Ι

471 3146 489 3183 ⁸
510 3139 797 3225 Varius-equidem
820 3141 1059 3227 multiplexque}
1068 3138 1117 3206 hi·-
1156 3164 1232 3210 rum
1252 3148 1393 3211 narratio
1412 3147 1511 3212 robur
1537 3140 1614 3209 inde
1646 3142 1680 3210 dt
1705 3135 1891 3207 firmamen-

371 3227 510 3311 storiae,
523 3228 686 3313 speciatim
700 3229 735 3296 dt
754 3230 868 3307 ciuilis,
877 3229 948 3295 vsus
958 3226 1018 3295 esi:
1031 3249 1115 3382 quae
1150 3232 1230 3298 'tum
1243 3234 1388 3317 accipiet,
1404 3229 1509 3299 dubiis
1518 3230 1688 3299 atheorum
1700 3227 1822 3294 felicius
1831 3246 1889 3292 oc·

361 3340 457 3387 veto
477 3313 520 3383 ad
535 3313 716 3402 theologiae
732 3316 890 3383 cultorem
905 3314 982 3382 inde
996 3336 1029 3382 re
1054 3334 1114 3382 un·
1157 3332 1308 3398 curretur,
1324 3315 1413 3403 quod
1433 3318 1474 3386 ad
1488 3316 1634 3385 diuinam
1655 3315 1824 3403 scripturae
1840 3312 1889 3378 sa-

361 3402 453 3474 dare
465 3400 646 3469 commoda
658 3400 803 3490 possunt,
824 3404 860 3468 in
879 3423 919 3469 eo
942 3405 1114 3489 praecipue
1157 3426 1230 3473 crae
1255 3404 1483 3472 auctoritatem
1503 3401 1748 3487 vindicandam,
1770 3404 1889 3470 verita-

369 3487 572 3570 comstune,
589 3486 682 3574 quod
698 3510 754 3570 ea,
771 3511 853 3576 quae
866 3492 1017 3575 scriptura
1031 3489 1113 3555 satta
1156 3509 1283 3578 temque
1305 3492 1466 3577 religionis
1486 3490 1675 3560 christianae
1692 3487 1889 3557 confirman-

365 3596 657 3663 matrat,magnam
665 3574 738 3642 inde
751 3578 857 3643 lucem
868 3572 1112 3663 capiant,quod-
1156 3576 1253 3658 dam,
1276 3581 1387 3662 vtique
1408 3580 1585 3665 plurimum
1607 3580 1702 3643 valet.
1748 3573 1888 3640 Histori-

356 3686 417 3736 ’σε
449 3661 583 3733 historia
612 3660 817 3730 ecclesiastica
845 3661 911 3732 line
936 3665 1025 3730 ciuili
1056 3661 1112 3730 srbi
1155 3688 1209 3732 am
1220 3663 1461 3733 ecclefiasticam'
1473 3662 1535 3734 sure
1548 3665 1635 3731 ciuili
1647 3662 1776 3730 crassari
1796 3682 1887 3725 corn·

354 3774 449 3821 non
483 3747 632 3830 constet,
658 3751 693 3817 dt
707 3748 862 3836 denique,
888 3748 977 3837 quod
989 3748 1111 3838 infigue
1154 3750 1253 3819 mode
1274 3774 1341 3817 non
1373 3754 1479 3840 posse,
1499 3755 1547 3819 vel
1569 3749 1645 3819 inde
1659 3753 1778 3837 liquet,
1797 3741 1887 3833 quod

354 3836 512 3929 prorsus
532 3839 566 3904 dt
585 3833 867 3903 luculentissimum
891 3836 1113 3923 prouidmtiae
1155 3842 1345 3927 plerumque
1365 3863 1412 3908 res
1443 3837 1586 3908 ecclesiae
1609 3841 1644 3909 dt
1671 3837 1887 3924 reipublicae

361 3923 518 3993 diuinae
529 3920 669 3989 exhibeat
680 3924 855 4010 speculum.
898 3922 951 3990 hd
968 3928 1111 4011 primum
1153 3921 1598 3996 ardlisl'rmovinculointerse
1615 3921 1887 4001 sintconiundlae,

401 4006 479 4078 uod
493 4011 614 4087 attinet,
627 4013 659 4075 in
672 4015 775 4079 veteri
795 4009 1111 4096 testamentosaepis-
1155 4015 1376 4101 plurimaeque
1398 4013 1530 4081 subinde
1554 4019 1588 4084 dc
1616 4006 1816 4101 grauissimae
1838 4029 1886 4075 re-

359 4034 459 4167 dime
483 4098 729 4183 Aegyptiorum,
744 4098 962 4185 Assyriorum,
978 4098 1111 4186 Babylo·
1155 4121 1227 4168 tum
1249 4099 1472 4168 conuersrones
1495 4105 1529 4169 &
1551 4105 1747 4168 mutationes
1766 4102 1802 4166 in
1822 4100 1886 4162 im·

368 4190 527 4265 reiorum,
546 4183 927 4266 Persamm,Graecorum,
942 4185 1111 4251 Romano·
1154 4191 1250 4274 petiis
1265 4191 1468 4277 contingant,
1477 4193 1590 4277 quibus
1605 4192 1717 4279 religio
1730 4202 1784 4253 aut
1793 4187 1887 4251 occa-¹

379 4292 454 4337 rruu
487 4273 688 4337 munionem
721 4269 807 4354 fieri,
828 4274 991 4339 neminem
1020 4272 1111 4359 fugit.
1155 4274 1288 4355 sionem,
1303 4295 1359 4342 aut
1381 4290 1502 4353 acroam
1523 4279 1663 4365 praebet.
1728 4272 1885 4362 Tertium,

389 4355 532 4436 Quorum
544 4362 695 4425 omnium
714 4357 736 4424 sr
759 4380 797 4424 ex
818 4361 1024 4445 scriptoribus
1034 4381 1110 4445 pro·
1154 4361 1243 4448 quod
1269 4361 1509 4442 constituimus,
1535 4381 1641 4451 caput,
1656 4363 1823 4434 historiam
1845 4387 1884 4432 o-

388 4439 466 4537 fanis
479 4445 637 4530 perspecta
650 4449 842 4533 cognitaque
856 4449 951 4514 nobis
964 4443 1001 4512 fit
1012 4444 1111 4514 histo·
1179 4453 1297 4515 timum
1313 4451 1373 4519 else
1384 4447 1605 4538 prouidentiae
1628 4450 1755 4520 diuinae
1779 4450 1886 4541 specu-

395 4546 450 4603 ηας
469 4554 538 4597 nun
555 4552 681 4597 tantum
694 4535 807 4615 multa,
817 4556 898 4621 quae
906 4532 986 4600 deiis
995 4537 1029 4600 in
1038 4534 1112 4601 scri·
1154 4472 1254 4618 hum,
1276 4536 1389 4605 itidem
1417 4535 1556 4626 posrtum
1579 4532 1622 4605 est
1645 4559 1731 4609 extra
1753 4557 1885 4610 contro-

396 4620 568 4695 prurasacra
587 4617 777 4703 traduntur,
792 4622 908 4688 tetrius
931 4622 1112 4708 intelligen-
1154 4620 1313 4705 uersam,
1337 4625 1483 4711 resteque
1503 4620 1537 4693 id
1553 4628 1722 4713 obseruas,
1745 4650 1782 4696 ac
1813 4625 1885 4695 dili·

398 4710 451 4790 ur,
470 4704 1111 4802 sedhisloricalimulssriptotumsasro·
1154 4713 1888 4804 eeutetiusulsat,osauasursisauris

1202 4880 1205 4887 ,
1806 4826 1887 4881 ros·
