5259 5967
681 683 748 761 ΒΕ
769 685 1226 767 IVRISPRVDENTIA
1248 695 1676 772 recresrnsrtcn.
1889 700 1957 787 653

621 791 653 813 ,,
771 796 775 811 ,
898 796 1219 817 ,,..-...-,
1422 803 1516 819 Α.
1611 813 1641 822 .-
1681 808 1932 825 .-........-

536 822 633 893 »stolis
647 822 711 895 sue
724 824 878 909 condito,
891 824 955 895 siue
974 828 1165 905 obseruatoe
1208 832 1292 897 nelis
1307 836 1346 905 tr
1356 834 1500 919 publici,
1524 839 1617 905 lenae
1630 854 1681 905 an.
1700 850 1795 921 ¹7¹8·
1807 862 1838 926 4.
1854 840 1951 929 edita,

536 936 551 979 r
566 912 605 981 de
617 918 687 981 iure
701 912 918 993 ecclesiastico,
934 914 1164 1001 quodsaeculis
1208 914 1446 988 lncsibilocum
1458 922 1613 1010 postulati
1631 924 1786 1013 siquidem
1801 950 1868 1015 caep.
1879 938 1951 1001 Vre.

536 1000 608 1069 lo&
620 1004 713 1069 tertio
721 1004 874 1083 obtinuit,
884 1004 1056 1088 praecipite
1068 1023 1164 1088 quar·
1202 1025 1237 1090 p.
1244 1014 1307 1090 561.
1320 1010 1404 1093 seqq.
1425 1012 1506 1074 iuris
1529 1016 1671 1077 canonici
1683 1014 1843 1101 historiam
1858 1020 1949 1087 exhia

536 1092 649 1173 enique
674 1102 783 1155 reram
810 1092 887 1155 iuris
913 1089 1162 1175 protestantium
1207 1095 1269 1159 bet.
1325 1097 1432 1161 immo
1447 1098 1497 1175 dc,
1512 1100 1568 1183 qui
1589 1094 1627 1165 de
1643 1100 1713 1187 ipso
1731 1105 1799 1169 iure
1814 1110 1950 1173 canoni-

536 1173 622 1241 astici
638 1173 784 1243 indolem
808 1180 954 1329 exponit.
1020 1177 1086 1261 Qui
1108 1200 1160 1263 ge-
1206 1198 1246 1245 co
1256 1186 1467 1267 percupiunt,
1477 1180 1563 1251 haud
1578 1206 1661 1268 tato,
1678 1190 1743 1254 eius
1758 1210 1887 1274 quoque
1897 1192 1946 1259 hi-

536 1284 562 1325 n
598 1265 676 1327 iuris
722 1266 835 1329 vniuer
897 1254 1062 1329 historiam
1099 1279 1159 1331 tra·
1204 1265 1337 1334 storiam
1351 1286 1522 1355 exponere,
1531 1270 1659 1339 suarum
1669 1271 1793 1340 ducunt
1807 1278 1865 1342 else
1873 1292 1947 1362 para

567 1352 763 1415 canonicum
808 1364 937 1436 quoque
978 1369 1074 1435 atque
1111 1373 1160 1418 ec·
1205 1356 1306 1429 tiume
1331 1351 1945 1441 quodadeo&1vsrvsrrauu1nd·

535 1436 628 1501 :icum
656 1458 726 1501 non
760 1439 1014 1521 praetermittere
1047 1433 1160 1505 solent.
1205 1462 1314 1507 nonu
1327 1454 1459 1507 treats
1483 1442 1580 1525 fecit,
1610 1446 1646 1511 in
1668 1448 1736 1510 iure
1760 1444 1943 1535 ecclesiastice

535 1524 649 1588 omine
673 1538 792 1589 nvnc.
814 1544 969 1593 oorru.
989 1538 1159 1591 srnvvrr
1200 1525 1437 1611 protestantium
1460 1528 1543 1613 nsum
1562 1532 1742 1599 modernum
1756 1532 1835 1597 iuris
1849 1552 1941 1603 cano·

537 1606 664 1695 historia
682 1612 918 1690 irrisRomani,
940 1612 1158 1697 Iustinianaee',
1203 1615 1267 1678 reici
1288 1617 1379 1679 iuxta
1392 1616 1504 1697 seriem
1533 1616 1730 1685 cirenensium
1756 1618 1941 1707 ostendente,

540 1694 724 1781 germanici,
738 1700 888 1779 canonici,
895 1698 1158 1781 seudelis,crimi·
1203 1700 1289 1765 leur.
1302 1702 1352 1767 tit.
1368 1706 1410 1767 II.
1427 1704 1463 1766 ele
1476 1702 1748 1789 constitutionibus,
1760 1728 1794 1793 p.
1802 1720 1850 1792 85.
1856 1710 1941 1797 fi‘qq·

535 1810 558 1883 e.
586 1800 646 1871 lli.
674 1790 735 1871 Ad
778 1796 906 1872 rimam
923 1798 1011 1873 iuris
1034 1793 1207 1874 canonici
1230 1798 1286 1874 ori
1314 1799 1414 1874 inem
1436 1824 1483 1875 eo
1506 1800 1639 1877 redlius'
1661 1803 1778 1880 intelli
1805 1806 1940 1883 endam

535 1892 649 1969 letare
666 1824 817 1987 inuadit,
833 1910 1013 2007 quaenam
1029 1894 1208 1988 ecclesiae,
1226 1923 1244 1971 a
1259 1824 1410 1972 cliritto
1423 1895 1629 1992 institutae,
1644 1892 1708 1977 sub
1724 1902 1763 2005 ip
1780 1928 1805 1977 ο
1819 1902 1940 1982 serua·

535 1986 555 2069 lc
572 1988 743 2105 apostolis
760 1990 872 2067 fuerit
885 1990 1079 2079 indolere*
1101 2016 1181 2069 tum
1197 2010 1315 2097 porro
1334 2010 1514 2099 quaenam
1530 1994 1673 2073 saeculo
1688 1998 1939 2079 secundotem

537 2090 747 2200 disciplinae
762 2086 1034 2201 ecclesiasticae,
1062 2090 1282 2195 ordinisque
1295 2092 1338 2167 in
1353 2090 1498 2169 ecclesie
1513 2094 1724 2188 constituti,
1747 2096 1860 2175 fuerit
1880 2126 1937 2178 raa

581 2188 752 2267 Concilin
767 2186 877 2281 hmc,
891 2212 1099 2290 eorumque
1119 2208 1305 2283 canoneS,
1326 2180 1517 2269 &horum
1538 2191 1777 2271 collelliones
1789 2196 1830 2273 in
1847 2217 1936 2273 cena

537 2284 688 2371 enimn
720 2304 810 2389 quas
827 2282 927 2363 inter
941 2312 993 2380 ea,
1008 2311 1102 2387 quae
1115 2287 1263 2367 codicem
1277 2304 1446 2364 cimonem
1462 2289 1618 2381 eeclefiae
1632 2294 1816 2391 aniuerstte
1830 2294 1935 2371 exhi·

538 2386 673 2477 minet,
687 2405 798 2488 quem
812 2385 898 2462 nliae
912 2384 1090 2488 deinceps
1104 2388 1145 2461 in
1159 2385 1307 2463 ecclesie
1321 2384 1491 2462 orientali
1507 2386 1745 2491 subsequutae
1760 2390 1852 2469 sunt.
1861 2394 1910 2435 ⁸⁸*

546 2494 731 2568 Exiliimare
748 2505 819 2587 quis
831 2501 915 2569 sorte
927 2514 1068 2587 poterat,
1088 2503 1152 2588 pri·
1195 2504 1357 2568 minutam
1373 2500 1477 2581 sciisse,
1496 2504 1610 2589 aliquis
1628 2502 1821 2577 contendere
1839 2506 1934 2587 velita

535 2592 598 2654 uris
613 2586 807 2657 ecclesiastici
822 2590 983 2677 originem
998 2589 1038 2654 ab
1053 2590 1151 2656 eccle-
1196 2586 1334 2674 quaeest
1348 2580 1503 2655 sententia
1524 2611 1565 2656 ro
1594 2608 1818 2677 sarraceni,
1840 2596 1879 2661 ele
1891 2594 1934 2660 le·

534 2674 650 2755 elitica,
664 2678 793 2761 eiusque
807 2676 967 2745 subveteri
983 2674 1151 2741 testamen·
1189 2676 1256 2761 gib.
1278 2668 1427 2740 librator.
1447 2676 1586 2743 ritualib.
1609 2674 1661 2745 lib.
1677 2682 1703 2745 le
1721 2680 1864 2767 difficeret.
1896 2684 1934 2749 de

534 2786 571 2841 u,
593 2762 796 2845 repetendam
810 2758 879 2829 erse.
937 2759 973 2828 id
988 2774 1066 2827 vero
1084 2756 1152 2827 fieri
1194 2760 1367 2827 theocratia
1383 2756 1526 2845 iudaice,
1548 2782 1615 2851 cap.
1622 2769 1676 2831 W.
1680 2769 1754 2847 fille
1762 2772 1803 2835 11.
1815 2784 1846 2853 p.
1856 2779 1929 2853 524.

538 2846 589 2929 ise,
602 2868 660 2914 nee
672 2843 797 2929 debete,
811 2848 901 2915 facile
914 2850 1082 2933 intelliget,
1095 2850 1152 2933 qul
1195 2838 1259 2913 lroc
1273 2860 1382 2913 tamen
1397 2862 1530 2930 eertum,
1539 2850 1603 2917 sem
1628 2873 1661 2918 er
1674 2852 1862 2921 theocratici
1871 2854 1930 2920 ali·

534 2952 607 3017 um,
623 2932 710 3021 quod
725 2938 807 3001 inter
821 2932 979 3002 ecclesium
990 2938 1151 3001 veterisac
1194 2931 1272 3019 quid
1286 2930 1465 3000 remanfisse
1480 2956 1492 3011 ,·
1521 2952 1588 3021 quo
1625 2939 1723 3004 etiam
1738 2937 1809 3023 post
1829 2942 1929 3027 capti·

534 3020 690 3090 :stamenti
702 3018 879 3102 intercedit,
896 3019 1062 3088 discrimen
1076 3040 1150 3105 pro·
1194 3023 1328 3085 uitatem
1342 3014 1567 3107 babylonicam
1583 3042 1620 3089 ex
1635 3023 1759 3088 summa
1775 3027 1828 3090 illa
1843 3039 1928 3110 pon·

534 3106 679 3197 ¹rendetit.
730 3106 782 3175 Ad
797 3106 1013 3175 ecclesiasticas
1034 3110 1149 3173 veteris
1194 3100 1330 3185 tificum,
1344 3106 1395 3171 seu
1408 3105 1608 3174 summorum
1624 3108 1823 3176 sacerdotum
1832 3130 1925 3199 pore·

534 3200 594 3262 enti
609 3197 692 3283 leges
708 3196 892 3281 spedtabant
908 3196 1148 3262 caerimonialet
1193 3191 1294 3273 state,
1316 3186 1475 3278 adparuit.
1540 3192 1763 3262 conferendus
1795 3218 1926 3266 urent.

534 3304 610 3369 quas
624 3282 695 3369 poll
714 3280 831 3349 Christi
847 3284 1015 3349 seruatoris
1030 3273 1147 3347 aduen·
1192 3292 1395 3359 trrrsrvs,
1422 3288 1503 3347 orel.
1523 3281 1560 3345 de
1580 3282 1753 3347 theatralia
1771 3286 1927 3367 Ijirilire·

533 3362 1146 3455 tnamptiuslocuminueniresedpror·
1188 3385 1277 3448 rum,
1299 3380 1473 3433 ruonrrr
1489 3382 1712 3437 ooonwrut
1728 3374 1925 3457 MofitrAae-

533 3466 637 3543 agatae
650 3448 728 3535 else,
744 3475 814 3519 non
827 3455 917 3520 semel
934 3455 1085 3538 scriptura
1099 3466 1145 3519 te·
1189 3456 1259 3517 roni
1274 3452 1457 3539 praemissa,
1472 3458 1502 3533 §.
1516 3458 1633 3519 XXIV.
1666 3449 1926 3545 Addenda,quae

569 3538 712 3624 Deinde,
733 3558 809 3607 cum
830 3540 934 3605 forma
955 3540 1147 3627 reipublicae
1190 3542 1224 3608 δι
1240 3540 1305 3625 ipse
1324 3536 1384 3604 hac
1404 3534 1443 3605 de
1458 3560 1491 3604 re
1508 3536 1572 3605 dixi
1594 3542 1630 3605 in
1650 3534 1752 3627 bislee.
1776 3542 1924 3633 eccleſsast.

533 3628 596 3696 icae
609 3628 681 3697 esset
696 3626 913 3701 theocraticae
936 3644 1006 3693 non
1018 3640 1145 3712 poterat
1186 3644 1251 3691 ver.
1271 3620 1388 3715 ¹le-
1402 3641 1476 3689 rom.
1491 3630 1532 3689 II.
1543 3646 1609 3709 per.
1621 3630 1664 3692 11.
1677 3628 1752 3708 seli.
1761 3626 1819 3695 111.
1834 3630 1874 3695 ad
1890 3642 1925 3710 ς.

537 3713 656 3795 clesiae,
669 3731 732 3801 qua
745 3732 889 3793 exrema,
900 3714 957 3780 lon
979 3735 997 3780 e
1009 3715 1071 3779 alia
1085 3710 1146 3779 esse
1187 3712 1289 3779 XXV.
1299 3732 1333 3799 p.
1347 3719 1406 3795 167.
1419 3716 1479 3789 168.
1524 3710 1729 3779 Monendum
1739 3712 1843 3779 hocce
1852 3714 1922 3795 suit,

536 3808 625 3885 atio,
646 3824 743 3889 quam
760 3793 909 3887 deinceps
925 3822 942 3868 e
966 3824 983 3868 e
998 3794 1145 3881 debebat,
1188 3818 1223 3865 vt
1237 3801 1474 3887 intelligeretur,
1484 3793 1655 3867 deecclesia
1666 3798 1924 3867 nouittstamen-

533 3910 573 3953 on
593 3905 720 3955 tentum
738 3884 916 3956 theocratia
932 3886 990 3955 ista
1004 3885 1144 3966 resiliret,
1189 3890 1213 3951 ti
1233 3907 1269 3951 ex
1286 3886 1367 3953 ilatu
1391 3882 1536 3954 ecclesiae
1556 3886 1741 3953 israeliticae
1764 3884 1923 3953 indicium

533 3975 611 4041 niler
623 3980 720 4043 etiam
735 3974 776 4043 ad
792 3971 937 4043 ecclesiae
957 3972 1144 4041 societatem
1187 3972 1260 4039 serti
1275 3988 1344 4038 non
1359 3972 1464 4059 posse,
1480 3988 1540 4041 nec
1553 3970 1744 4061 potestatem
1758 3972 1923 4042 ministro

533 4055 604 4127 endi
619 4060 723 4129 essent.
779 4066 908 4149 Semper
923 4074 1030 4128 autem
1050 4054 1141 4127 theo·
1187 4072 1260 4125 rum
1281 4060 1369 4127 verbi
1389 4059 1493 4126 diuini
1514 4062 1549 4127 ln
1569 4080 1662 4125 nouo
1678 4056 1868 4125 testamento
1885 4074 1924 4127 ex

536 4146 579 4216 lla
593 4152 627 4214 in
641 4165 733 4235 gente
746 4152 928 4231 israelitica,
943 4152 977 4217 ὅ(
991 4146 1141 4233 deinceps
1185 4142 1341 4231 potestate
1356 4143 1553 4213 sacerdotum
1567 4148 1681 4214 veteris
1690 4142 1869 4211 testamenti
1878 4144 1921 4213 es-

533 4294 535 4301 ,
551 4232 722 4322 permansit
730 4252 742 4313 ‚⁶
764 4234 818 4303 etsi
831 4255 976 4322 tempore
987 4232 1086 4302 Saulis
1095 4250 1140 4300 re·
1183 4234 1215 4301 se
1228 4232 1468 4303 aestimandam.
1514 4230 1602 4299 Patet
1616 4228 1708 4301 fimul
1719 4278 1728 4311 ,
1741 4252 1838 4317 quam
1853 4236 1923 4299 ine·

532 4330 613 4389 nitas
626 4327 661 4389 in
673 4320 988 4399 eaintroduceretum
1011 4342 1085 4389 cum
1095 4338 1141 4387 eta
1185 4336 1238 4407 pte
1249 4320 1464 4399 romanctises,
1479 4340 1561 4405 quae
1577 4314 1757 4385 desummo
1776 4318 1920 4386 sacerdoa

533 4408 680 4497 §regibus
696 4406 937 4477 luculentissima
952 4410 1141 4477 theocratici
1184 4422 1216 4475 te
1228 4412 1263 4473 in
1277 4421 1369 4493 gente
1390 4405 1556 4472 israelitica
1572 4404 1737 4487 dicuntur,
1759 4402 1799 4471 ad
1812 4422 1921 4473 roma·

533 4504 572 4564 ris
585 4498 757 4583 adpareant
771 4494 909 4581 vestigia,
925 4494 1139 4567 &sacerdotii
1182 4510 1264 4561 num
1279 4490 1405 4558 trahant
1417 4484 1618 4577 pontificem.

532 4591 563 4650 iit
578 4590 672 4665 ratio,
681 4582 807 4652 abunde
815 4584 878 4649 hoc
886 4582 1025 4651 testetur.
1037 4573 1138 4667 Qiod
1280 4580 1367 4646 Cum
1384 4578 1464 4645 lesus
1479 4576 1621 4645 Christus
1638 4616 1647 4657 ,
1682 4568 1855 4643 hominum
1871 4592 1921 4644 re·

532 4676 648 4758 aritae,
664 4667 1137 4761 subregibnsrheoeratiamim·
1179 4656 1321 4752 dement,
1338 4664 1480 4753 tandem,
1489 4662 1530 4737 ad
1546 4686 1662 4737 eorum
1675 4662 1918 4829 expianda‘ppp
