5259 5967
565 736 632 807 DE
652 732 969 810 THEOLOGIA
989 736 1229 811 rubrica
1259 742 1351 809 SEV
1381 737 1735 811 DOGMATICA.
1850 756 1916 823 317

381 848 1887 873 m———o——n—ffl-

379 900 418 966 p.
445 902 489 943 nr.
516 883 580 961 256.
625 880 707 944 Non
732 882 841 964 itaque
869 884 1035 958 errauerit,
1064 881 1121 965 qui
1165 879 1898 968 quaealendaeiiiueiiduequescholasticorum

385 964 524 1043 dixerit,
546 964 731 1051 theologiae
756 964 1120 1054 scholastico-systema·
1165 966 1371 1035 curiolitatie
1394 970 1475 1055 regie
1489 969 1687 1036 inseruirent.
1731 967 1833 1033 Sedvt
1850 988 1898 1034 re·

385 1056 469 1121 ticae
503 1050 631 1117 fontem
664 1054 897 1179 praecipuum,
920 1056 956 1119 iii
991 1051 1120 1121 ecclesia
1164 1054 1269 1142 liqua,
1286 990 1896 1143 quaeiuiuslocieffevideripoteiani,

385 1134 602 1217 occidentali,
616 1136 704 1203 tirin'e
718 1160 1005 1206 avcvsriuvia.
1049 1141 1120 1205 Pin·
1164 1144 1272 1227 paucis
1285 1141 1522 1229 persequamur;
1539 1140 1714 1209 existimare
1726 1142 1808 1207 forte
1823 1142 1894 1226 quis

409 1247 462 1292 ere
483 1227 658 1311 principia,
681 1223 836 1293 deducere
859 1249 897 1295 ex
916 1223 964 1292 his
986 1226 1119 1293 coirclu-
1164 1246 1309 1313 poterat,
1325 1230 1630 1295 aiisnosiiliiiros
1644 1230 1777 1313 quinque
1791 1228 1894 1312 rirfide

385 1248 492 1381 siones
516 1316 551 1377 in
578 1306 760 1392 infinitum,
797 1315 973 1379 ratiociniis
997 1317 1118 1399 potius,
1162 1317 1251 1380 suam
1264 1312 1316 1379 hic
1333 1312 1387 1380 sibi
1401 1312 1563 1381 vindicare
1583 1312 1706 1391 sedem,
1725 1320 1759 1381 in
1779 1316 1893 1400 quibus

386 1420 486 1487 quam
500 1397 668 1482 scripturae
688 1399 749 1464 niti
771 1398 986 1482 testimoniis,
1009 1400 1120 1466 sesiari
1164 1419 1271 1467 tamen
1284 1400 1319 1467 id
1332 1420 1460 1467 tantum
1473 1404 1559 1488 agit,
1581 1419 1614 1467 vt
1630 1404 1806 1469 trinitatem
1823 1421 1894 1487 per·

386 1482 590 1575 quadiionts
612 1484 772 1566 curiosas,
803 1488 970 1573 ingenium
998 1489 1119 1572 potius,
1163 1490 1316 1555 sonarum
1336 1491 1482 1567 euincat,
1509 1486 1685 1575 refutetque
1706 1508 1827 1556 errores
1847 1488 1895 1552 A·

387 1594 489 1661 quam
515 1569 748 1651 eruditionem,
769 1593 850 1659 quae
876 1575 1057 1660 linguatum
1086 1574 1120 1639 dt
1163 1579 1341 1641 rianorum.
1408 1576 1501 1641 Duos
1532 1594 1672 1659 namque
1703 1578 1826 1661 priores
1852 1568 1893 1637 ad

387 1656 595 1730 historiarum
607 1660 724 1727 notitia
740 1657 880 1741 constat,
903 1658 1057 1747 prodere,
1086 1662 1120 1726 δε
1163 1663 1355 1728 Gratianum
1390 1664 1618 1746 imperatorem
1655 1658 1797 1748 scripsit,
1827 1662 1894 1726 eius

414 1766 474 1813 uae
494 1747 613 1831 reliqua
635 1745 726 1827 sunt,
749 1748 784 1812 in
803 1745 903 1814 hocce
924 1748 1119 1833 Hipponen-
1162 1748 1312 1816 indusius
1327 1749 1486 1833 precibus,
1509 1769 1583 1815 cum
1599 1768 1688 1812 anno
1705 1768 1768 1832 377
1782 1750 1816 1813 in
1831 1748 1897 1812 ori·

389 1770 472 1903 sium
488 1832 628 1918 praesule
644 1840 775 1917 notata',
799 1834 980 1921 theologiae
997 1835 1120 1901 schola-
1164 1856 1273 1906 entem
1299 1835 1426 1901 Valenti
1450 1854 1562 1900 contra
1586 1832 1714 1901 Gothos
1734 1836 1896 1921 suppetias

386 1917 712 2007 ilico-systematicae
726 1918 789 1987 fere
800 1924 929 2007 propria
941 1921 1024 1986 sunt.
1044 1922 1120 1986 Cer·
1162 1926 1282 1991 laturus
1299 1925 1375 2001 iret,
1406 1922 1513 2008 ibique
1532 1942 1661 2007 regnare
1674 1922 1895 1989 Arianismum

391 2028 425 2075 te
439 2005 556 2073 haecce
569 2007 609 2070 ab
622 2026 862 2073 avovsrino
883 2011 1022 2074 maxime
1039 2004 1120 2073 didi·
1163 2010 1363 2096 intelhgeret.
1408 2008 1556 2093 Cumque
1569 2005 1624 2075 sibi
1646 2006 1794 2077 nonduin
1806 2007 1894 2073 satis·

389 2114 504 2165 cerunt
517 2090 690 2159 scholastici
703 2091 850 2161 dosiores
857 2140 870 2177 ‚
893 2098 982 2162 cuius
1003 2097 1121 2180 quippe
1163 2096 1285 2164 facium
1306 2096 1416 2162 Ariani
1437 2095 1638 2170 iaditarenti
1678 2114 1740 2163 tres
1759 2097 1894 2161 ultimos

390 2186 429 2251 in
444 2179 636 2248 occidentali
655 2178 799 2261 ecclesia,
820 2183 864 2248 ob
878 2184 999 2269 ingenii
1015 2180 1119 2259 dotes,
1163 2186 1261 2251 libros
1275 2203 1364 2248 anno
1381 2199 1442 2263 379
1458 2179 1592 2263 adiecit,
1616 2184 1797 2270 inquibus,
1811 2200 1895 2268 quae

388 2273 427 2339 in
450 2266 509 2335 ista
529 2270 707 2335 litteratum
733 2270 799 2333 iam
818 2285 888 2333 tuin
908 2268 1119 2334 iiiualesceiite
1163 2290 1256 2337 antea
1282 2269 1458 2353 scripserat,
1488 2264 1711 2350 confirmauit,
1735 2272 1896 2355 latiusque
1969 2282 1971 2287 '

390 2356 563 2434 barbarie,
592 2357 731 2420 maxime
762 2356 967 2441 conspicuas,
997 2354 1119 2419 summa
1163 2355 1304 2424 deduxit.
1327 2357 1397 2421 Nec
1436 2355 1711 2423 raeterrnittendus
1728 2355 1773 2423 est
1790 2375 1894 2422 osu-

390 2442 455 2509 fuit
474 2440 665 2521 ausioritas,
687 2458 722 2505 vt
743 2446 808 2509 eius
828 2442 952 2509 decreta
973 2443 1120 2507 oraculo·
1163 2463 1315 2512 uanius
1329 2443 1385 2506 Ma
1413 2440 1545 2522 iliensis,
1568 2444 1611 2507 ob
1624 2444 1743 2508 librum
1757 2440 1895 2506 deeccle-

391 2550 468 2597 rum
487 2527 583 2595 instar
605 2527 719 2608 essent,
747 2527 941 2613 tandemque
953 2526 1009 2613 ipsi
1031 2548 1119 2612 piae·
1155 2530 1282 2618 fiesticis
1294 2529 1502 2614 dogmatibus,
1526 2549 1622 2612 quein
1637 2550 1712 2595 cuni
1728 2530 1894 2593 asteriscu-

390 2617 547 2685 serrentur
562 2614 743 2701 scripturae.
789 2616 896 2697 Quare
912 2618 946 2683 dc
961 2638 1036 2681 cum
1050 2636 1120 2679 rar.
1165 2618 1287 2683 iusdam
1300 2615 1431 2700 theologi
1445 2613 1686 2699 bomiliafiacra,
1699 2617 1738 2685 ξς
1749 2614 1894 2679 Marcia-

390 2722 666 2781 LOMMRDVS,
679 2700 804 2767 saeculo
819 2699 1021 2781 duodecimo,
1032 2700 1122 2767 theo·
1164 2706 1202 2771 iis
1222 2703 1347 2787 episcopi
1370 2700 1582 2785 Lemouicensts
1611 2701 1757 2787 epistolis,
1779 2696 1894 2780 edidit,

390 2793 515 2877 logiam
526 2789 707 2855 uniuersam
719 2792 754 2854 iri
771 2787 904 2875 systema
919 2785 1051 2875 aliquod
1068 2808 1122 2852 co·
1166 2794 1200 2859 &
1215 2793 1301 2855 notis
1317 2786 1445 2853 eruditis
1460 2785 1644 2870 illustrauit,
1655 2807 1893 2856 cavannar-

392 2876 592 2967 gerevellet,
615 2873 1123 2961 nihilferealiudegit,qu·.iinvt
1164 2898 1236 2944 rvs
1284 2895 1668 2958 rtmruiioiesrivs,
1712 2870 1896 2957 Hamburgi

393 2986 435 3033 ex
449 2983 624 3029 avovsri
634 2982 676 3027 iit
692 2964 862 3047 operibus,
884 2983 966 3047 quae
980 2960 1020 3027 ad
1036 2957 1122 3026 insli-
1168 2968 1270 3043 1614,
1285 2980 1318 3043 4.
1343 2962 1397 3027 Per
1410 2959 1594 3047 ecclcstastica
1608 2964 1761 3027 nimirum
1769 2962 1895 3046 dogma-

393 3068 504 3119 turum
517 3046 796 3129 suumfaciebant,
818 3065 1006 3134 excerperet.
1037 3050 1122 3112 Cum
1166 3068 1200 3115 ra
1214 3071 1250 3114 ea
1263 3047 1429 3133 intelligit,
1452 3067 1533 3132 quae
1553 3066 1682 3135 recepta
1702 3047 1774 3115 sunt
1795 3050 1831 3113 in
1846 3064 1896 3111 ec·

394 3159 475 3207 vero
495 3134 610 3204 eodem
623 3132 750 3204 saeculo
761 3155 895 3221 quarto,
916 3156 982 3222 quo
998 3156 1121 3199 avov-
1166 3133 1281 3213 clesia,
1311 3151 1407 3219 atque
1434 3151 1547 3199 contra
1570 3133 1745 3203 haereticos
1764 3130 1895 3220 quosuis

393 3244 543 3295 trinus
564 3224 660 3301 vixit,
689 3224 862 3288 certamina
883 3244 957 3287 cuin
979 3222 1124 3299 Arianis,
1166 3221 1298 3289 stabilita
1313 3216 1493 3287 &firmata
1538 3222 1583 3287 Ea
1597 3243 1738 3307 namque
1749 3219 1896 3288 hiesum·

392 3316 530 3398 aliisque
562 3311 713 3375 trinitatis
745 3306 886 3374 hostibus
921 3304 1122 3374 occasionem
1166 3311 1290 3386 marim,
1305 3304 1357 3372 sed
1371 3306 1434 3373 fine
1449 3324 1537 3374 certo
1550 3307 1680 3390 ordine,
1704 3305 1895 3392 complesii·

418 3399 585 3466 raeberent
605 3396 766 3481 patribus,
791 3393 911 3480 ipsique
930 3396 1123 3495 Hipponen·
1167 3414 1236 3475 rur,
1259 3413 1294 3459 vt
1308 3392 1439 3460 subinde
1453 3396 1549 3460 etiam
1569 3393 1709 3476 indicet,
1729 3396 1844 3481 quibus
1858 3412 1895 3459 ea

393 3422 478 3553 sum
491 3482 644 3570 praesuli,
669 3483 770 3547 multa
784 3483 905 3547 curiose
919 3484 953 3547 &
973 3482 1124 3546 subtiliter
1167 3480 1228 3549 sint
1245 3477 1402 3566 opposita.
1447 3481 1498 3544 Sic
1510 3501 1534 3544 c.
1548 3485 1601 3545 IX.
1616 3501 1649 3565 p.
1669 3504 1699 3561 7.
1715 3482 1779 3566 posi
1800 3481 1897 3562 restir-

395 3570 439 3641 de
459 3569 612 3659 mysterio
633 3571 781 3634 trinitatis
801 3566 1004 3653 disputandia
1027 3565 1124 3651 idque
1167 3570 1353 3643 sessionem,
1376 3568 1505 3650 inquit,
1529 3567 1568 3636 (θ’
1586 3567 1731 3632 iudicium
1750 3585 1812 3629 non
1832 3583 1896 3628 crt-

396 3662 495 3727 etiam
508 3660 543 3723 in
555 3655 700 3723 doctrina
717 3653 756 3721 de
769 3651 914 3735 Christo,
937 3652 1124 3739 duabusque
1166 3657 1276 3721 damus
1290 3651 1504 3737 restitutionem
1514 3655 1662 3735 futuram
1676 3698 1687 3732 ,
1713 3672 1808 3737 quam
1827 3648 1897 3715 Ori-

393 3745 643 3823 ineonaturis,
665 3763 720 3827 per
739 3745 913 3807 certamina
934 3736 1126 3807 Nelloriana
1161 3762 1254 3830 genes
1279 3740 1391 3803 delirat
1414 3741 1478 3809 coc.
1528 3741 1631 3819 Sunt,
1653 3740 1709 3826 qui
1736 3756 1898 3804 arnua-

400 3836 439 3900 dt
465 3830 664 3918 Eutychiana
684 3829 808 3893 saeculo
835 3830 952 3913 quinto
978 3830 1013 3893 &
1038 3827 1124 3891 sexto
1169 3848 1276 3902 oium
1297 3826 1470 3911 Pelagianis
1489 3844 1544 3892 aut
1556 3825 1820 3911 semi-Pelagianis
1840 3818 1898 3889 ad·

399 3914 511 3997 lieret,⁸
524 3918 653 3983 materia
665 3912 739 3980 hinc
751 3911 864 3980 itidem
877 3914 1015 4000 sequenti
1026 3931 1126 3978 aetate
1170 3931 1362 3993 numerant,
1405 3910 1631 3999 refragantibus
1672 3930 1781 3978 rameii
1805 3910 1895 3991 aliis.

397 4000 590 4071 scholasticis
616 3999 803 4068 durioribus
829 3998 1026 4086 suppeditata
1055 4003 1126 4079 tuit,
1169 3999 1231 4068 Sed
1244 4003 1298 4085 qui
1311 4001 1398 4084 prius
1419 3996 1582 4079 adserunt,
1606 4020 1675 4065 non
1695 3998 1789 4063 omni
1803 3992 1897 4064 desti·

397 4094 440 4159 in
468 4110 532 4177 qua
556 4092 670 4176 ingenii
700 4088 908 4154 subtilitatem
939 4102 1126 4153 exercerent.
1170 4089 1217 4153 tui
1235 4086 1464 4165 fundamento,
1486 4108 1504 4150 a
1526 4107 1578 4152 me
1596 4089 1662 4151 iam
1681 4084 1897 4161 obseruatum,

397 4180 512 4263 Atque
524 4173 602 4243 baec
614 4197 688 4242 eutri
701 4171 846 4241 inlinens
864 4178 998 4255 monui,
1023 4189 1058 4237 vt
1077 4175 1126 4237 in·
1169 4177 1205 4239 iri
1218 4174 1360 4259 diffluat.
1375 4173 1412 4235 cie
1429 4172 1649 4257 Pelagianismo
1663 4174 1698 4237 in
1712 4170 1827 4255 eichst-z
1846 4190 1896 4231 ro-

399 4264 612 4351 telligeretur,
650 4284 719 4328 non
744 4259 808 4327 sine
832 4264 958 4327 ratione
989 4262 1128 4344 primam
1169 4280 1265 4324 mana
1280 4278 1339 4345 per
1348 4258 1465 4325 bullam
1485 4258 1826 4344 anri-Qurfirellianam
1839 4258 1897 4318 rri-

399 4348 601 4419 sehoiasticae
626 4346 806 4435 theologiae
821 4371 838 4413 a
854 4366 969 4433 quarto
991 4346 1127 4426 saeculo,
1170 4344 1351 4430 uorphanre,
1367 4353 1395 4425 §.
1406 4348 1461 4410 VI.
1484 4344 1600 4431 Capita
1612 4345 1708 4411 huius
1725 4347 1829 4429 operis
1843 4344 1898 4407 tri·

402 4434 475 4523 ipso
490 4440 673 4524 cumprimis
690 4456 936 4511 avsvsriuo,
949 4435 1048 4517 repeti
1063 4434 1128 4497 ori·
1171 4436 1276 4520 ginta,
1293 4432 1412 4497 scilicet
1426 4450 1456 4495 a·
1467 4434 1567 4496 XXII.
1587 4428 1628 4497 ad
1643 4436 1694 4497 LI.
1710 4429 1781 4517 post
1801 4452 1896 4497 esu-

427 4526 435 4539 '
461 4544 527 4605 em,
546 4522 611 4589 hoc
637 4524 706 4608 ipso
729 4520 838 4599 fimul,
864 4521 1127 4605 sequentibusque
1170 4539 1295 4586 uxori
1317 4534 1456 4583 mortem
1473 4519 1513 4581 ab
1530 4518 1635 4585 aliena
1656 4540 1755 4583 manu
1778 4540 1815 4584 ex
1833 4519 1897 4601 epi-

431 4612 551 4692 eculis,
570 4630 626 4695 per
643 4612 730 4674 varia
755 4629 829 4672 cuin
852 4602 1012 4673 haereticis
1028 4626 1128 4671 certa·
1162 4606 1243 4693 stola
1266 4602 1422 4689 Caelestini
1440 4621 1544 4689 papae
1566 4606 1611 4669 ad
1634 4605 1739 4671 Gallos
1763 4606 1897 4669 decrera-

402 4699 517 4783 mina,
541 4700 620 4771 talto
651 4693 853 4785 quaestiones
881 4691 1128 4781 proferentibus,
1172 4692 1214 4779 li,
1236 4692 1271 4765 δι
1290 4690 1529 4780 concliorum,
1557 4692 1761 4777 Msseuitaiii,
1788 4690 1899 4785 africa·

1855 4794 1902 4855 m,
