5259 5967
799 696 858 766 DE
886 694 1425 771 tuornaoavnrnrtuvs
1462 706 1489 771 T
1497 706 1824 774 HEOLOGlClS.
2000 722 2067 789 295

557 836 614 909 sei
633 836 719 921 Quis
733 858 804 905 non
820 836 917 918 videt,
931 858 1089 925 quantum
1103 840 1292 907 architesiu-
1336 837 1414 905 haec
1426 842 1530 907 rursus
1545 843 1608 907 abi
1634 838 2061 909 sanotionumseuidearum

559 950 597 997 ta
608 926 715 994 ciuilis
730 946 768 993 ac
781 927 926 992 militaris
938 927 1033 993 uobis
1048 924 1167 994 adserat
1187 926 1221 992 dt
1239 949 1293 993 or·
1337 928 1530 993 claritateac
1544 932 1596 996 eui
1620 934 1705 997 entia
1727 933 1840 997 oritur.
1906 928 2015 1005 Quare
2034 925 2060 995 si

558 1014 755 1083 nomenti&
767 1008 928 1099 praesidii?
951 1012 1033 1096 Quis
1049 1034 1148 1099 porro
1162 1017 1289 1079 nonin·
1332 1010 1390 1081 ista
1403 1018 1577 1081 notionum
1590 1038 1625 1081 ae
1641 1019 1875 1104 principiorum
1891 1036 1960 1081 non
1974 1010 2060 1081 adest

561 1102 699 1253 tellipit,
728 1122 787 1167 nec
806 1103 999 1168 commercia
1027 1096 1092 1167 sine
1111 1098 1288 1167 matheseos
1333 1100 1505 1183 euidentia,
1522 1099 1631 1169 srullra
1645 1126 1774 1190 quoque
1788 1100 1968 1169 adhibueris
1989 1122 2060 1166 me-

560 1188 620 1257 usu
644 1182 863 1254 ibiconstaree
883 1188 955 1255 Nec
971 1187 1081 1255 errasse
1105 1209 1208 1255 otuu.
1236 1209 1287 1253 ιο.
1332 1186 1725 1275 thodumgeometricamt
1754 1189 2059 1277 qiiodtamenuon-

561 1294 745 1341 vossium
760 1271 869 1354 credo,
884 1270 1015 1359 quando
1030 1272 1162 1358 scripsit:
1176 1274 1288 1361 Diffici-
1331 1278 1440 1341 nullos
1453 1276 1554 1343 tacere
1569 1276 1686 1358 videas,
1707 1282 1762 1363 qui
1778 1278 1808 1343 se
1821 1274 1885 1343 hoc
1903 1275 1971 1363 ipso
1995 1293 2058 1339 tra-

560 1360 679 1429 severa
691 1358 833 1449 dissuasi,
843 1360 1287 1445 quotssquantasiiumathe-
1331 1361 1452 1429 ducunt
1463 1366 1607 1448 turpiter.
1650 1362 1826 1431 Diiudicari
1841 1363 1918 1429 hinc
1939 1360 2056 1447 potest,

549 1445 879 1533 stoscommadae,fiue
892 1470 961 1511 eam
975 1450 1049 1530 inse
1063 1448 1290 1531 attend.rs,siue
1334 1472 1377 1515 an
1397 1452 1431 1517 dc
1459 1446 1622 1536 theologia
1648 1449 1803 1518 methodo
1831 1446 2059 1515 mathematica
2156 1472 2159 1481 ·

559 1552 715 1623 quietius
733 1535 778 1599 aa
794 1534 967 1618 disciplinas
985 1535 1066 1600 alias
1079 1539 1114 1619 st
1134 1537 1290 1617 extendis,-
1335 1535 1414 1602 tradi
1431 1555 1540 1623 queat,
1565 1558 1702 1623 quemue
1731 1537 1807 1604 iride
1821 1540 1926 1622 capiat
1947 1535 2059 1601 usum!

560 1624 731 1689 astartium
742 1622 944 1704 &scientiam
955 1639 1072 1686 natura
1086 1626 1124 1693 ὣ(
1137 1621 1288 1707 constitut.
1332 1621 1371 1689 de
1386 1644 1447 1709 qua
1463 1623 1523 1689 suo
1539 1625 1614 1690 loco
1629 1622 1872 1711 disceptabimus
1900 1618 2058 1708 quaestio·

561 1712 620 1777 ab.
635 1713 695 1775 111.
710 1712 883 1793 c.Il.p.m.
897 1711 943 1774 so.
987 1705 1289 1788 Addo&h0c,non
1333 1733 1384 1777 ne.
1451 1710 1518 1795 Qui
1546 1733 1644 1797 porro
1669 1709 1863 1778 methodum
1889 1706 2060 1789 trasiandi,

561 1792 838 1865 eontentnendum
850 1798 885 1861 in
898 1796 966 1861 aliis
980 1793 1287 1881 quoquedisciplinis
1332 1818 1430 1883 quam
1446 1798 1512 1883 ipsa
1526 1797 1600 1865 sana
1622 1800 1705 1864 ratio
1727 1796 1920 1884 praescribit,
1953 1793 2059 1861 [latim

560 1882 741 1952 matheseos
753 1882 844 1948 usum
856 1880 934 1957 esset
954 1880 1056 1948 modo
1070 1879 1134 1947 hoc
1147 1884 1229 1949 resle
1238 1904 1289 1948 ca·
1334 1881 1592 1951 mathematicam
1600 1902 1727 1965 vocant,
1742 1906 1781 1951 eo
1790 1880 1878 1971 quod
1893 1881 2061 1951 &mathe-

562 1976 684 2061 piatur,
698 1990 757 2037 nec
778 1969 826 2035 illi
845 1989 882 2035 ea
902 1972 1093 2049 tribuantur,
1118 1991 1199 2055 quae
1218 1972 1289 2034 iure
1332 1974 1443 2037 matici
1464 1992 1500 2038 ea
1521 1990 1670 2047 utantur3
1692 1993 1762 2037 non
1779 1972 1894 2039 restius
1917 1969 1999 2037 mihi
2013 1968 2061 2033 sa-

561 2054 798 2129 sibivindicare
815 2059 936 2141 nequit.
980 2057 1058 2122 Hoc
1071 2061 1126 2141 qui
1141 2078 1210 2122 non
1229 2058 1288 2121 ob-
1333 2078 1406 2143 pete
1418 2055 1584 2139 videntur,
1597 2080 1695 2145 quam
1707 2061 1763 2145 qui
1783 2059 1953 2145 supputare
1973 2054 2062 2123 idem

562 2146 701 2225 seruant,
716 2146 752 2213 dt
765 2142 942 2209 matheseos
954 2144 1072 2209 limites
1093 2145 1288 2229 ultraquam
1333 2146 1392 2211 esse
1408 2160 1541 2229 putant,
1555 2167 1593 2210 ac
1606 2148 1806 2226 rationevti‚
1827 2146 1862 2213 &
1883 2145 1961 2213 hinc
1978 2142 2062 2209 vlte-

561 2232 665 2312 docet,
679 2230 855 2318 proferunt,
868 2227 1023 2315 simulque
1044 2232 1078 2295 in
1099 2232 1165 2296 eius
1185 2226 1287 2295 laudi·
1331 2234 1396 2297 rius
1411 2229 1628 2313 concludunt,
1653 2236 1765 2299 omnia
1780 2236 1816 2300 in
1836 2229 1961 2300 mundo
1983 2224 2062 2295 inde
2143 2244 2145 2248 ·

562 2324 625 2389 bus
641 2315 847 2389 decantandis
861 2321 955 2383 nimii
969 2317 1053 2397 sunt,
1076 2318 1147 2401 plus
1162 2313 1202 2384 de
1221 2318 1287 2381 eius
1332 2320 1502 2403 prouenire
1517 2320 1621 2400 mala,
1635 2317 1724 2403 quod
1742 2318 1893 2387 homines
1908 2315 2062 2385 arithme-

562 2406 721 2497 digititate
743 2402 932 2485 detrahunt,
969 2425 1066 2490 quani
1081 2422 1115 2469 vt
1141 2400 1287 2469 camdem
1332 2409 1428 2469 ticam
1442 2407 1608 2489 ignorent,
1622 2404 1685 2472 hoe
1698 2402 1758 2486 eli,
1773 2406 1857 2473 resia
1878 2428 1948 2471 non
1967 2422 2063 2468 vran-

562 2514 719 2583 augeant.
758 2492 946 2558 Generatim
970 2487 1082 2557 exinde
1103 2494 1242 2577 pretium
1258 2492 1287 2555 ei
1333 2512 1384 2557 tut
1399 2494 1536 2557 ratione.
1601 2493 1649 2557 lta
1669 2493 1756 2556 enim
1773 2490 1796 2559 si
1811 2493 2063 2557 vocumimmu-

561 2581 736 2652 conciliare
754 2580 881 2659 volunt,
902 2576 991 2663 quod
1011 2599 1164 2662 magnum
1186 2577 1288 2641 menti
1332 2596 1398 2645 tare
1415 2572 1661 2663 significationes
1680 2575 1725 2643 sas
1746 2575 1808 2659 sit,
1831 2598 1868 2644 ex
1893 2596 2059 2663 geometra

561 2670 725 2738 humanae
737 2668 860 2731 bonurn
874 2661 1018 2750 praelier,
1038 2662 1115 2729 dum
1129 2686 1200 2729 eam
1219 2684 1286 2727 ma·
1331 2664 1422 2731 facile
1454 2685 1562 2751 regem
1591 2685 1647 2731 aut
1675 2667 1932 2752 imperatorem,
1953 2666 2060 2733 imno

560 2763 728 2841 ximopere
740 2756 865 2831 excitat,
881 2754 965 2817 acuit
986 2772 1023 2817 ac
1041 2746 1172 2835 perlicit.
1216 2754 1287 2816 Nec
1332 2750 1486 2837 quidlibet
1500 2772 1539 2817 ex
1560 2752 1706 2837 quolibet
1723 2748 1844 2820 efficere
1859 2752 1977 2817 licebit.
2019 2749 2062 2815 Et

561 2841 598 2913 id
620 2838 817 2931 quandoque
834 2836 915 2920 fieri,
940 2842 1065 2914 abnuo;
1095 2857 1136 2903 an
1155 2832 1288 2905 mathesi
1331 2839 1412 2907 haec
1425 2835 1556 2925 quidem
1570 2836 1610 2904 ad
1625 2836 1732 2921 vsum,
1746 2860 1843 2927 quem
1862 2832 2009 2905 mathesis
2023 2838 2063 2902 in

562 2930 627 3000 hoc
639 2930 810 3016 proprium
824 2923 871 3007 sit,
883 2923 975 2991 valde
989 2923 1114 2990 dubito.
1158 2923 1210 2990 Ad
1235 2945 1287 2991 ex·
1332 2926 1434 3013 logica
1448 2924 1564 2993 habere
1577 2924 1711 3006 dicitur,
1731 2921 1976 3013 quodammodo
1993 2923 2064 3009 spe·

559 3013 727 3087 citandam
742 3032 896 3094 mentem,
911 3010 1287 3097 attentionemquealen-
1334 3012 1433 3081 uait.
1477 3013 1528 3079 De
1559 3009 1687 3100 physica
1722 3035 1770 3081 res
1804 3009 1968 3081 manisella
1994 3007 2064 3092 eil,

559 3104 639 3175 dam
650 3098 896 3187 fouendamque,
902 3096 1042 3166 adfedlus
1049 3095 1210 3165 interdum
1217 3098 1297 3184 plus,
1333 3100 1489 3185 omnique
1501 3099 1628 3186 prorsus
1641 3117 1725 3167 caret
1738 3098 1837 3167 dubio
1847 3124 1857 3176 3
1869 3116 1966 3186 prout
1979 3101 2063 3163 inea

560 3192 770 3275 valet,quam
784 3183 940 3269 mathesis,
962 3202 1019 3253 aut
1037 3186 1098 3251 alia
1115 3206 1286 3271 quaecum·
1331 3188 1467 3273 plurima
1489 3207 1525 3253 ex
1551 3188 1714 3273 principiis
1737 3184 1930 3255 mechanicis
1962 3184 2063 3271 expli-

558 3300 625 3369 que
637 3276 815 3363 disciplina.
867 3271 920 3340 Ad
941 3270 1089 3341 eamdem
1108 3269 1285 3338 acuendam
1329 3290 1458 3353 cantur,
1472 3278 1634 3340 neminem
1646 3295 1776 3361 quoque
1791 3278 1825 3341 in
1839 3296 1874 3343 ea
1891 3275 1951 3342 rite
1964 3266 2065 3360 profi·

558 3390 598 3435 ac
617 3360 845 3454 perficiendam
870 3362 1096 3428 exercitatione
1121 3382 1203 3446 opus
1229 3355 1285 3438 est,
1330 3380 1400 3427 cere
1414 3358 1523 3445 posse,
1545 3358 1604 3427 nisi
1624 3364 1680 3445 qui
1705 3358 1882 3429 matheseos
1903 3354 2062 3447 praefidio

557 3474 645 3543 qnae
659 3448 713 3517 hie
724 3468 893 3533 utramque
913 3447 988 3513 facit
1006 3449 1167 3532 paginam.
1212 3448 1286 3511 Siue
1329 3444 1617 3513 fueritinsttudlus.
1663 3448 1741 3531 Qio
1756 3452 1892 3514 nomine
1914 3446 2062 3533 &supra

557 3559 672 3611 autem
683 3532 838 3603 mathesin
851 3531 892 3601 ad
906 3536 1185 3611 exercitationem,
1222 3526 1286 3597 siue
1329 3553 1474 3599 isaaci
1497 3554 1686 3599 usuroui
1696 3532 1906 3619 philosophiae
1927 3550 2060 3599 narrara-

557 3628 657 3697 aliam
671 3618 844 3711 quamdam
862 3616 1060 3706 disciplinam
1085 3615 1285 3703 philosophi·
1329 3620 1367 3685 lis
1377 3620 1534 3705 principia
1547 3618 1786 3701 mathematica,
1799 3626 1941 3705 itemque
1953 3638 2062 3685 outa.

556 3727 643 3795 cam,
701 3732 738 3777 ae
752 3703 1009 3795 ingeniialiquod
1023 3727 1161 3771 acumen
1175 3702 1285 3791 postu·
1328 3728 1370 3773 ia
1380 3728 1427 3773 co
1437 3726 1475 3773 si
1497 3711 1522 3771 s’
1537 3726 1614 3774 eren
1624 3727 1788 3773 vrsano
1798 3705 2061 3794 pbyfirtrelemrn-

555 3806 646 3881 lat,a
681 3791 921 3880 umas,perinde
935 3790 1137 3859 elsevidetur.
1182 3792 1285 3858 Com·
1328 3810 1363 3857 ta
1374 3792 1612 3877 mathematica,
1631 3794 1843 3879 experimentis
1865 3794 2061 3883 confirmata,

560 3882 705 3953 meudati
718 3903 817 3969 porro
829 3877 975 3947 mathesis
990 3879 1079 3958 solet,
1093 3880 1137 3943 ob
1157 3875 1283 3944 metho-
1328 3876 1504 3965 similiaque
1521 3881 1578 3947 scri
1604 3898 1635 3948 ta
1650 3878 1960 3949 commendauimus.
1989 3880 2060 3945 Ne-

561 3971 691 4057 di,.qua
700 3985 878 4055 geometrae
889 3985 1034 4045 utuntur,
1050 3962 1283 4051 praestantiam,
1328 3988 1390 4051 que
1408 3984 1513 4033 tamen
1530 3904 2061 4053 utdaecv11r2,quamdecer‚sunt

556 4078 664 4147 quam
677 4055 774 4122 solam
784 4054 825 4123 ad
842 4076 951 4121 veram
964 4071 1148 4137 certamque
1158 4053 1285 4119 scienti·
1329 4049 1537 4120 extendenda.
1583 4055 1649 4137 Qui
1670 4058 1773 4135 enim,
1794 4059 1907 4122 omnia
1925 4072 2060 4120 naturae

558 4168 618 4217 am
631 4164 695 4212 nos
708 4140 829 4223 ducere,
837 4136 1048 4209 contendunt.
1069 4139 1174 4224 Atque
1183 4138 1285 4225 ipsam
1328 4162 1443 4207 arcana
1454 4144 1675 4293 ‘epqprincipiis
1697 4140 1890 4209 mechanicis
1908 4142 2058 4229 explicati
2099 4188 2106 4199 .

555 4236 681 4305 hancce
708 4227 899 4299 methodum
922 4228 1286 4311 nemovituperauerita
1328 4227 1433 4313 posse,
1495 4230 1499 4241 '
1531 4231 1649 4308 imant,
1672 4250 1866 4315 magnopere
1886 4230 2058 4305 salluntur3

556 4318 662 4391 modo
676 4320 713 4385 in
728 4313 887 4387 eiusmodi
899 4312 1070 4401 disciplinis
1088 4335 1126 4379 ac
1146 4313 1283 4380 scientiis
1328 4333 1363 4378 vt
1378 4316 1443 4379 iani
1457 4314 1497 4378 ab
1509 4316 1578 4379 aliis
1593 4311 1720 4381 abunde
1736 4314 1987 4383 demonstratum
2002 4312 2058 4396 eli,

556 4404 769 4483 adhibemur,
807 4407 843 4469 iu
872 4403 986 4489 quibus
1015 4402 1126 4466 locum
1148 4402 1284 4466 inuenit.
1330 4400 1363 4467 dt
1378 4398 1475 4467 hodie
1491 4404 1550 4466 viri
1565 4402 1660 4487 longe
1680 4398 1850 4471 dodilll'imi
1869 4404 2058 4492 agnoscunt.

554 4488 880 4563 Detuonstrationum
908 4508 1016 4555 autem
1042 4484 1284 4552 mathematica·
1328 4489 1367 4553 ln
1382 4484 1518 4573 physicis
1533 4490 1642 4574 itaque
1655 4510 1729 4554 cum
1751 4508 1816 4556 tam
1837 4494 1972 4559 euruius
1987 4512 2057 4556 ma·

550 4576 874 4651 rumeertitudonon
890 4572 1162 4654 tamamerhodo,
1186 4594 1284 4661 quani
1329 4570 1583 4654 theseosvsussit,
1592 4574 1797 4645 necmedicae
1805 4582 1879 4646 artis
1887 4580 2058 4647 alumnum

552 4669 593 4741 ab
616 4664 782 4748 euidentia
800 4666 1036 4758 principiorum
1060 4658 1201 4753 pendet,
1237 4662 1287 4733 uti
1329 4659 1442 4741 sedem
1460 4682 1566 4738 carus
1591 4662 1704 4755 polle,
1733 4667 1867 4754 quilibet
1888 4664 2058 4817 irrteffipits

1963 4766 2062 4820 ΗΟ·
