5259 5967
738 720 806 805 650
1023 706 1164 777 tium
1186 702 1532 777 rosrrnrotrs
1554 700 1727 771 carvr
1750 700 2015 789 ovantum

1485 808 2271 833 Ἣ

741 828 823 931 tiulfi
836 875 975 943 namque
988 873 1133 938 naturae,
1145 854 1353 940 quantumuis
1366 870 1475 922 corru-
1519 848 2271 942 petestPelagianismusquidummmraevires

743 964 835 1037 ptae,
855 946 975 1011 viribus
988 961 1115 1010 tantum
1128 945 1283 1023 tribuunt,
1300 958 1335 1006 vt
1350 944 1387 1009 iis
1402 940 1477 1007 solis
1520 939 1705 1021 eumenio,
1748 940 1845 1008 ratiae
1882 942 1988 1007 'uittae
2001 944 2214 1027 operationes
2236 961 2271 1015 ex

743 1037 857 1103 omnia
871 1031 902 1099 se
917 1050 1064 1118 peragere
1077 1029 1175 1117 polle,
1188 1047 1312 1115 putent,
1322 1050 1380 1096 nec
1395 1026 1477 1097 diui·
1521 1030 1637 1097 morali
1652 964 1896 1096 thridianotum
1909 1026 2062 1095 dodirina
2079 1030 2267 1115 proscribit:

744 1126 778 1191 ni
788 1122 942 1189 Numinis
956 1120 1011 1185 libi
1026 1140 1109 1205 opus
1117 1116 1178 1185 elle
1187 1120 1304 1204 gratia,
1327 1114 1411 1183 vnde
1421 1121 1477 1181 l’e·
1520 1116 1531 1184 i
1556 1114 1721 1184 sumfimul
1729 1118 1795 1183 eius
1810 1116 2008 1203 principium
2016 1118 2264 1207 praecipuumqi

740 1208 940 1297 lagiangsmus
953 1201 1219 1287 &naturalismus
1231 1203 1371 1271 moralis.
1415 1202 1477 1269 His
1556 1201 1766 1271 ndamentum
1783 1204 1906 1269 euertit.
1951 1202 2032 1287 Quo
2048 1208 2155 1291 magis
2169 1208 2264 1275 etiam

744 1318 821 1364 vero
838 1294 916 1361 dum
928 1295 982 1359 alii
994 1293 1023 1361 se
1037 1306 1222 1382 opponunt,
1232 1296 1267 1358 in
1279 1295 1415 1359 alterum
1424 1310 1477 1357 ex·
1520 1290 1608 1361 idem
1619 1294 1745 1357 innatae
1756 1290 1943 1358 mortalium
1952 1292 2133 1359 ambitioni
2142 1292 2265 1361 blandi·

743 1401 885 1452 tremum
901 1381 1129 1467 prolabuntur,
1147 1383 1181 1448 dc
1196 1395 1252 1445 aut
1265 1374 1305 1445 ad
1313 1375 1476 1464 praedesti·
1521 1377 2264 1465 turaeopluriumotcupare,&atedioabduce-

741 1470 1025 1552 narianismumaut
1038 1464 1078 1533 ad
1087 1465 1317 1550 enthufiasmum
1331 1466 1479 1530 moralem
1521 1468 1694 1535 retramite
1701 1464 1792 1531 facile
1802 1462 1903 1551 potell
1911 1466 2054 1533 animos.
2077 1464 2266 1535 InSocinia·

743 1562 932 1645 praecipites
945 1552 1098 1622 feruntur.
1141 1556 1171 1618 A
1179 1550 1479 1640 praeliminarianijl
1522 1572 1659 1635 norum,
1682 1572 1859 1639 corumque
1874 1556 2045 1634 omnium,
2063 1557 2122 1643 qui
2140 1576 2216 1623 cum
2231 1558 2266 1623 iis

742 1664 793 1711 mo
809 1660 845 1711 vt
858 1643 1068 1728 incipiamus,
1091 1657 1165 1705 cum
1178 1644 1206 1706 is
1229 1658 1267 1707 ex
1282 1642 1351 1705 t'ato
1368 1642 1478 1705 Stoico
1524 1640 1663 1720 faciunt,
1681 1638 1846 1725 theologia
1863 1640 2001 1719 morali,
2018 1660 2139 1727 aperto
2150 1638 2266 1709 incedit

743 1736 902 1819 originem
910 1730 1024 1807 trahat,
1032 1723 1481 1814 omniquereuetahominem
1523 1728 1643 1812 capitea
1664 1726 1710 1793 vti
1726 1728 1775 1793 vel
1794 1742 1958 1794 extorta.
1975 1742 2053 1795 cta
2065 1744 2150 1797 tttt
2165 1728 2267 1795 ethica

743 1824 851 1907 priuet
868 1816 1027 1890 libertatea
1051 1834 1209 1901 quantum
1222 1808 1297 1879 hinc
1312 1816 1348 1880 in
1363 1806 1482 1881 dodlri·
1523 1812 1690 1901 christiana
1703 1812 1853 1877 virtutum
1866 1814 1905 1885 c!
1919 1814 2178 1903 vitiorm,quae
2191 1832 2270 1883 tum

744 1924 786 1973 na
801 1904 916 1971 morali
929 1906 1052 1968 oriatur
1065 1898 1334 1978 incommodum,
1353 1900 1406 1967 seu
1420 1920 1479 1988 po·
1524 1896 1667 1969 eiusdem
1676 1899 1777 1966 ethica
1783 1900 1987 1986 Aristotelica,
2000 1902 2048 1967 ad
2042 1898 2211 1985 strennos
2218 1904 2267 1969 lie.

743 1996 823 2072 tius,
846 2011 944 2077 quam
964 1981 1134 2057 difficulter
1148 1990 1252 2075 prima
1270 1987 1402 2055 moralis
1422 1980 1481 2054 do·
1523 2005 1661 2054 terarum
1673 2005 1815 2051 normam
1828 1988 2001 2066 emendata,
2019 1988 2158 2075 prodiit,
2171 2004 2266 2077 patet·

745 2078 866 2147 (ltin-ae
879 2096 955 2145 cum
971 2098 1012 2143 eo
1033 2077 1199 2143 conciliari
1220 2094 1341 2162 queant
1362 2074 1479 2161 princi·
1522 2073 1719 2142 Nonminus
1729 2074 1879 2141 tamen&
1894 2076 1929 2139 in
1937 2070 2089 2145 ecclesiae
2104 2096 2266 2161 romanat,

743 2169 993 2255 pia,nemortott
1009 2161 1169 2251 intelligit.
1212 2165 1296 2230 Non
1308 2161 1405 2229 semel
1416 2156 1480 2227 hoc
1523 2161 2266 2312 Iesuitarumcumgrimis,vtpotegenuinorum

743 2257 842 2321 etiam
888 2250 1079 2319 reformatae
1125 2247 1271 2318 ecclesiae
1320 2246 1480 2337 theologis
1525 2252 1592 2317 eius
1609 2240 1787 2329 filiorum,t
1811 2249 1938 2333 eologia
1952 2253 2086 2331 morali,
2097 2252 2265 2340 Pelagiani·

744 2338 907 2429 (quamuis
922 2339 956 2410 dt
974 2340 1210 2405 Dominicanos
1226 2340 1343 2424 pariter
1357 2352 1393 2402 ac
1410 2338 1481 2401 latr·
1523 2336 1609 2403 smus
1622 2334 1851 2423 longelateque
1864 2352 1985 2421 regnat.
2028 2330 2134 2425 quue
2148 2344 2265 2407 mirum

742 2424 1396 2511 senistashoctelumferiat)exprobratum
1405 2420 1481 2499 fulta
1524 2442 1594 2489 non
1610 2416 1669 2500 esta
1692 2418 1846 2507 fiquidem
1869 2442 1943 2487 cum
1958 2426 2141 2508 erroribus,
2165 2426 2266 2495 eidem

744 2536 885 2603 quorum
899 2506 958 2580 hac
971 2518 1006 2578 in
1020 2536 1053 2579 re
1065 2514 1480 2579 caullamrrrnmvnit·
1524 2506 1669 2579 ecclesiae
1697 2512 1852 2661 propriis,
1877 2504 1963 2575 idem
1989 2514 2110 2597 egregie
2159 2512 2265 2581 torsus

743 2623 801 2670 vra
828 2602 863 2667 in
887 2600 1095 2685 iaqllficarr'one
1113 2595 1414 2663 dollrr'naemaralir
1430 2617 1478 2661 re·
1523 2598 1689 2665 conuertit.
1733 2596 1911 2660 Iemvero
1926 2596 2105 2663 etiamfons
2156 2598 2266 2665 scatit·

734 2693 1062 2774 firmatarumcantra
1073 2681 1274 2765 accaaefiationes
1280 2684 1411 2749 Antonii
1418 2684 1479 2749 Ar·
1523 2686 1593 2769 rigo
1606 2680 1650 2748 est
1664 2700 1810 2747 errorum
1824 2680 1982 2763 istorum,
1999 2683 2111 2769 quibus
2126 2686 2262 2753 morali·

743 2771 840 2851 araldi,
849 2768 952 2857 egille,
960 2764 1052 2855 supra
1063 2771 1128 2835 iam
1147 2767 1408 2843 obseruauimusa
1424 2769 1479 2835 vbi
1524 2767 1585 2836 liae
1595 2768 1655 2849 illi,
1666 2786 1761 2854 atque
1770 2764 1919 2837 caluissae
1934 2774 2137 2853 recentiores,
2145 2770 2184 2839 de
2192 2774 2265 2859 qul·

745 2860 780 2929 dt
793 2856 947 2939 nostram,
955 2848 995 2924 de
1007 2857 1131 2943 scriptis
1144 2854 1334 2925 eorumdem
1349 2857 1480 2921 morali·
1523 2854 1581 2921 bus
1595 2858 1630 2920 in
1645 2852 1903 2921 antecedentibus
1917 2850 2054 2937 didium,
2064 2856 2264 2947 theologiam

744 2946 812 3025 bus,
820 2942 978 3033 copiosius
986 2944 1190 3031 exposuimus
1197 2943 1397 3011 sententiam.
1413 2940 1480 3023 Qui
1522 2938 1698 3021 moralem,
1713 2940 1784 3025 ipso
1800 2940 2021 3009 coriariorum
2035 2948 2073 3013 itt
2090 2942 2202 3013 eadem
2217 2965 2262 3014 ec·

767 3056 804 3100 ro
817 3036 937 3119 gratiae
961 3024 1092 3099 diuinae
1111 3031 1350 3117 operationibus
1370 3048 1407 3095 ea
1423 3028 1478 3097 lia·
1523 3024 1614 3097 clesia
1630 3022 1890 3107 iudicio,mirum
1907 3028 1941 3095 in
1957 3026 2100 3099 modum
2115 3052 2262 3119 corrupe-

743 3054 840 3189 ient.
863 3140 945 3206 quae
957 3116 1085 3186 aliunde
1098 3122 1256 3203 originem
1269 3108 1420 3193 trahunt,
1444 3117 1479 3180 in
1522 3130 1608 3181 runt.
1652 3114 1820 3181 Nimirum
1835 3136 1910 3181 cum
1923 3120 2008 3185 inter
2022 3124 2196 3206 praecipua
2209 3142 2258 3187 ro·

744 3206 879 3290 tntbusta
891 3214 975 3270 mum
990 3201 1214 3290 prolabuntur.
1259 3204 1337 3285 Qii,
1347 3220 1421 3267 cum
1429 3204 1479 3266 in·
1522 3216 1638 3269 manae
1653 3196 1796 3267 ecclesiae
1817 3200 1971 3288 dogmata
1987 3204 2140 3281 babonis
2157 3204 2260 3273 nostrii

744 3312 793 3361 ter
807 3285 1006 3378 grauilfimos
1022 3292 1139 3361 mentis
1152 3286 1284 3354 morbos
1299 3291 1416 3354 merito
1432 3308 1479 3354 re·
1523 3284 1673 3376 operibus
1687 3306 1748 3353 tros
1760 3288 1899 3373 aliquid,
1914 3294 2020 3357 immo
2037 3295 2142 3379 ipsam
2157 3284 2255 3361 iustili-

744 3376 860 3447 feratur
874 3398 884 3453 ς
914 3393 984 3442 tum
998 3392 1107 3442 tamen
1121 3378 1236 3443 noxius
1252 3378 1389 3442 maxime
1403 3391 1479 3441 cen·
1524 3372 1696 3453 tationem,
1704 3376 1929 3459 tumptimam,
1938 3392 2012 3443 turn
2020 3378 2201 3459 secundam,
2209 3372 2256 3448 ttfi

744 3467 845 3535 setur.
862 3460 991 3549 quando
1009 3468 1045 3529 in
1060 3466 1143 3528 vitae
1157 3456 1342 3529 christianae
1357 3465 1445 3548 ptati
1460 3479 1478 3526 a
1523 3480 1593 3529 nott
1606 3458 1720 3528 eadem
1735 3467 1871 3541 tatione,
1885 3472 2066 3548 promereri
2083 3465 2186 3556 pollii
2207 3488 2257 3536 ne·

744 3552 832 3621 verbi
847 3544 949 3617 diuini
966 3551 1073 3636 regula
1089 3547 1299 3632 discedentes,
1318 3548 1384 3615 suas
1399 3553 1478 3613 ima·
1522 3549 1600 3617 celle
1617 3564 1699 3629 erat,
1713 3552 1955 3634 corruptionem
1976 3544 2121 3622 hominis
2137 3576 2257 3622 natura·

743 3640 936 3729 ginationes,
946 3656 1065 3717 motus,
1079 3634 1253 3718 inliinllus,
1260 3658 1341 3725 quos
1358 3652 1414 3722 per
1429 3654 1477 3702 er·
1522 3635 1587 3703 lem
1597 3652 1765 3702 extenuate
1786 3651 1918 3703 naturae
1927 3658 2043 3707 contra
2060 3646 2138 3709 vires
2154 3646 2187 3707 in
2197 3642 2256 3727 spi·

744 3746 851 3795 rorem
875 3747 935 3811 pto
965 3723 1083 3790 diuinis
1112 3722 1256 3803 habent,
1293 3723 1478 3809 sequuntur,
1521 3722 1689 3789 ritualibus
1704 3681 1969 3809 euciiete,inquo
1980 3734 2258 3813 capunpraecipu·

743 3816 882 3897 Qtantis
896 3816 980 3878 enim
997 3809 1061 3877 hoc
1076 3811 1145 3896 ipso
1166 3810 1196 3877 se
1214 3826 1378 3896 exponant
1394 3812 1477 3895 peri·
1521 3828 1641 3895 umque
1653 3810 1867 3895 l'elagiattismi
1882 3810 2023 3880 consistit
2037 3832 2254 3881 momentum.

743 3898 1139 3986 culis,quilibetperspicit.
1160 3900 1199 3963 M
1222 3898 1477 3983 llicorumquos·
1523 3898 1569 3963 Ex
1579 3895 1695 3963 eodem
1708 3896 1800 3964 fonte
1814 3901 1929 3983 opinio
1944 3894 2019 3967 fluit
2034 3898 2074 3967 de
2089 3902 2255 3987 perlellio·

743 3986 830 4070 dani,
840 3988 999 4055 stincaute
1014 3920 1269 4064 arimanniam
1284 3982 1410 4066 ducere,
1420 4002 1474 4050 ne·
1522 4004 1573 4064 nc,
1588 4004 1668 4069 quae
1682 3988 1820 4051 omnino
1833 3986 1893 4051 illis
1913 3980 2084 4055 tribuenda
2100 4010 2180 4069 erat,
2194 3992 2258 4077 qui,

742 4099 807 4162 gari
824 4078 956 4162 nequit3
977 4074 1157 4160 praesertim
1171 4071 1193 4138 lt
1207 4068 1357 4140 inusitata
1374 4072 1407 4137 dt
1422 4092 1475 4137 ex·
1518 4073 1601 4159 plus,
1618 4093 1715 4157 quam
1731 4068 1771 4137 ab
1786 4072 1920 4139 homine
1935 4077 2087 4161 exigitur,
2100 4076 2259 4164 praelian-

742 4163 949 4229 traordinatia
965 4159 1141 4237 adfedlent3
1169 4177 1282 4247 vtpote
1298 4164 1331 4225 in
1347 4160 1474 4245 quibus,
1518 4158 1580 4239 do,
1605 4160 1672 4224 aliis
1688 4178 1818 4246 quoque
1831 4156 1952 4244 aliquid
1970 4169 2148 4246 promereti
2171 4161 2257 4235 debe·

744 4271 797 4336 per
813 4268 958 4328 naturae,
981 4249 1038 4315 sub
1058 4249 1160 4335 specie
1180 4252 1296 4337 gratiae
1314 4268 1375 4312 nos
1389 4243 1473 4312 deci·
1518 4246 1606 4313 bant.
1666 4244 1723 4311 llia
1739 4262 1843 4313 autem
1862 4264 1894 4311 vt
1911 4244 1966 4313 sibi
1983 4270 2023 4315 eo
2041 4250 2169 4321 lactlius
2185 4272 2257 4320 cott-

743 4341 870 4421 pitutis,
880 4334 1071 4417 illusionem,
1079 4357 1178 4423 quarn
1193 4334 1344 4403 facillime
1359 4330 1474 4400 enthu·
1519 4332 1612 4403 staret
1630 4330 1803 4418 persedii03
1834 4336 1869 4399 in
1883 4350 1954 4401 eam
1979 4352 2084 4422 porro
2108 4336 2257 4427 ingredie-

744 4422 1072 4509 srasmoviaaperitur.
1117 4422 1238 4490 Lucem
1250 4418 1473 4508 dabunt,quae
1520 4418 2256 4513 banturlententiam,motusconcupiscentiae

745 4531 782 4579 ex
796 4508 941 4576 inllituto
956 4504 994 4577 de
1011 4507 1233 4591 enthusiasmo,
1241 4514 1398 4596 variisque
1408 4514 1474 4575 eius
1519 4528 1647 4596 prauae,
1657 4507 1840 4592 praesertim
1856 4511 2111 4595 inuoluntarios,
2122 4514 2254 4583 nottess'e

743 4600 929 4687 generibus,
944 4594 1205 4684 differuiinstitur.
1222 4598 1349 4685 theolog.
1363 4596 1475 4662 moral.
1517 4615 1657 4682 peccata,
1665 4595 1821 4681 quaedam
1838 4598 2077 4683 etiampectata
2097 4616 2168 4669 tam
2180 4604 2254 4669 leuia

742 4689 858 4771 paral.
877 4704 942 4771 cap.
950 4690 976 4751 1.
987 4685 1106 4769 saan.
1121 4688 1369 4773 §.Xl'fflseqp
1413 4688 1472 4754 Su·
1516 4682 1587 4767 elle,
1600 4700 1635 4751 vt
1649 4704 1707 4773 pet
1721 4684 1765 4770 le,
1779 4686 1812 4757 dc
1828 4684 1881 4753 sua
1894 4702 2022 4769 natura,
2038 4692 2183 4760 venialia
2199 4688 2255 4755 diti

2182 4792 2252 4865 ill*
