5259 5967
1052 974 1131 1049 58

1057 1110 1301 1174 tatione
1330 1102 1665 1171 intendant
1678 1124 1709 1185 *,
1764 1126 1803 1169 a
1844 1106 2111 1168 veritate
2144 1123 2341 1189 quarn
2370 1101 2519 1168 lon-

1054 1186 1297 1283 giffime
1323 1188 1639 1272 recedere,
1684 1192 1753 1256 in
1795 1190 1935 1256 luce
1962 1187 2310 1256 meridiana
2340 1188 2522 1275 saepe

1054 1282 1400 1359 caecutire,
1422 1276 1689 1345 haerere
1717 1279 1881 1342 circa
1908 1280 2247 1360 corticem,
2290 1274 2373 1343 ad
2401 1297 2521 1342 nu-

1049 1369 1261 1436 cleum
1288 1386 1425 1433 non
1470 1368 1833 1449 peruenire,
1880 1366 2089 1429 immo
2130 1363 2522 1449 quandoque

1046 1474 1287 1523 errores
1317 1451 1502 1538 plane
1520 1452 1783 1537 pueriles
1812 1447 2161 1516 admittere.
2202 1454 2337 1519 Iam
2354 1453 2517 1517 olim

1048 1539 1119 1609 id
1136 1540 1257 1606 ‘suo
1288 1540 1583 1625 exemplo
1613 1536 2029 1605 ostendebant
2058 1535 2384 1619 Pharisaei,
2410 1538 2515 1603 Iu-

1046 1626 1487 1713 dacorumque
1528 1622 1839 1711 magistri,
1872 1626 2033 1691 circa
2078 1624 2324 1691 sensum
2362 1626 2515 1713 legis

1046 1714 1307 1783 diuinae
1332 1730 1465 1779 tarn
1510 1716 1779 1797 turpiter
1816 1713 2209 1793 aberrantes,
2240 1709 2518 1799 ideoque

1047 1802 1131 1869 ab
1175 1802 1315 1887 ipso
1351 1795 2096 1885 seruatore'sreprehenfi,
2151 1798 2393 1866 Matth.
2440 1801 2515 1878 V,

1042 1890 1303 1974 amsi-qq.
1392 1887 1783 1974 Ignorabant
1800 1906 1950 1951 nam
1999 1906 2097 1963 ue,
2124 1898 2213 1946 τὸν
2240 1886 2515 1958 νόμονείΐε

1044 1984 1397 2045 πνευματικὸν,
1436 1980 1609 2037 Rom.
1658 1977 1802 2053 Vll,
1841 1994 1933 2055 14.
2028 1976 2131 2037 inc
2174 1972 2241 2039 δε
2282 1977 2515 2045 &vatem

1043 2066 1351 2134 mnu-renis·
1378 2063 1447 2126 in
1470 2066 1608 2127 'eius
1638 2062 2159 2145 interpretatione
2186 2080 2347 2144 opus
2376 2060 2512 2129 ess'e.

1046 2144 1227 2233 Idem
1276 2148 1345 2215 δε
1400 2144 1599 2214 hodie
1644 2150 1946 2214 omnibus
1988 2148 2113 2214 illis
2160 2150 2509 2236 contingit,

1738 956 1897 1041 ΜΒ
1930 958 2019 1029 R1
2060 959 2475 1049 PRIORIS
2520 956 2869 1027 capvt
2911 957 3398 1061 TERTJvM

4033 624 4162 633 ᾉιᾷ

3579 1050 3588 1058 υ

3491 1060 3692 1077 μῦ...-
3717 1066 4071 1077 ————--—

2653 1103 2745 1181 ui,
2782 1098 3132 1186 Pelagianis
3189 1100 3505 1165 erroribus
3565 1098 3791 1164 imbuti
3819 1143 3838 1179 ,
3913 1118 4082 1184 quae

2630 1190 2908 1275 criptura
2933 1186 3102 1251 sacra
3133 1182 3213 1254 de
3242 1190 3468 1253 intima
3497 1186 3782 1253 hominis
3803 1207 3913 1272 per
3930 1207 4082 1270 pec-

2606 1291 2824 1342 catum
2851 1276 3288 1362 corruptione,
3309 1270 3386 1340 de
3416 1276 3615 1361 gratia
3643 1270 3888 1351 diuina,
3906 1276 4078 1339 eius.-

2605 1382 2732 1450 que
2765 1356 3155 1444 necestitate,
3187 1363 3480 1442 &variis,
3508 1382 3632 1445 qua
3653 1360 4074 1431 intellectum,

2603 1471 2732 1535 qua
2759 1448 3185 1529 voluntatem,
3219 1450 3704 1535 operationibus
3739 1446 4072 1514 fimilibus-

2601 1556 2748 1622 que,
2776 1535 2972 1621 supra'
2987 1534 3296 1615 hominis,
3331 1534 3476 1601 solis
3517 1552 3780 1601 naturae
3831 1534 4074 1599 viribus

2600 1618 2926 1704 instruc‘ti,
2963 1644 3224 1711 captum
3251 1620 3490 1709 pofitiS,
3530 1619 3754 1701 docet,
3801 1642 3938 1687 non
3969 1623 4068 1686 in-

2601 1710 2928 1797 telligunt,
2956 1728 3068 1776 aut
3091 1710 3294 1777 intelli
3339 1730 3440 1777 ere
3483 1724 3834 1795 nequeunt.
3925 1708 4069 1774 Per-

2604 1798 2814 1865 tinent
2847 1800 3022 1865 enim
3050 1796 3244 1878 haec,
3399 1796 3521 1863 alia
3547 1792 3832 1863 eiusdem
3879 1804 4072 1883 gene-

2600 1887 2685 1949 ris
2704 1932 2723 1965 ,
2755 1882 2836 1951 ad
2873 1894 2940 1944 τὰ
2963 1889 3031 1944 τῦ
3055 1883 3360 1954 medua-r&
3383 1890 3452 1944 τῦ
3477 1886 3590 1947 923?-
3617 1885 3978 1971 praesertim
4027 1878 4073 1949 fi

2604 1976 2676 2039 δε
2705 1974 2770 2037 in
2794 1970 3222 2059 adplicatione
3249 1973 3649 2060 spectentuu
3675 1968 3968 2057 adeoque
3983 1968 4078 2049 ab,

2598 2060 2722 2123 illis
2769 2078 3022 2127 tantum
3065 2060 3231 2127 redte
3275 2060 3744 2147 cognoscuntur
3772 2106 3790 2137 ,
3834 2058 3946 2145 qui
3997 2064 4072 2140 τᾷ

2598 2158 2904 2217 mumma
2929 2152 3260 2219 πνευματικαῖς
3286 2146 3628 2215 diiudicare
3647 2142 4032 2213 didicerunt.

1263 2276 1326 2377 §.
1384 2277 1543 2357 ΧΠ.
1592 2252 1829 2370 Finis,
1860 2274 2217 2389 simulque
2244 2276 2523 2355 frustus
2542 2333 2564 2371 ,
2614 2278 3118 2356 meditationis
3145 2277 3228 2355 in
3243 2304 3352 2355 ·eo
3381 2276 3738 2369 consistit,
3767 2300 3848 2354 vt
3873 2277 4072 2355 veri-

1038 2398 1145 2457 tas
1168 2376 1373 2453 rec-'te
1402 2376 1927 2477 cognoscatur,
1956 2374 2309 2477 fiqmdem
2344 2376 2688 2453 nondum
2733 2378 3034 2478 cognita
3075 2376 3334 2462 fuerin
3386 2374 3490 2453 fin
3533 2375 3789 2467 fuerit,
3829 2402 3941 2453 ma
3997 2378 4064 2455 is

1039 2474 1545 2553 confirmetur.
1596 2480 1627 2513 *
1680 2476 1791 2551 Vt
1816 2497 2058 2551 autem
2084 2476 2407 2551 veritatis
2436 2476 2776 2577 cognitio
2819 2502 2983 2551 non
3031 2476 3216 2552 adeo
3261 2474 3489 2552 facilis
3533 2474 3670 2565 est,
3713 2497 3796 2551 vt
3839 2498 3968 2551 mu
3997 2475 4080 2552 ti·

1036 2574 1451 2651 existimant
1479 2602 1498 2658 ;
1548 2574 1645 2649 ita
1672 2596 1839 2647 non
1870 2572 2117 2649 minus
2144 2572 2439 2649 illorum
2470 2572 2856 2651 euitandus
2883 2598 3094 2650 error
3123 2576 3263 2668 est,
3315 2574 3444 2677 qui
3477 2574 3554 2649 in
3583 2572 3888 2649 alterum
3926 2600 4062 2651 ex-

1034 2693 1357 2749 tremum
1388 2692 1915 2774 procurrentes
1942 2724 1964 2763 ,
2014 2694 2173 2747 eam
2222 2672 2441 2777 plane
2484 2670 2837 2774 cognosci
2868 2697 3029 2749 non
3068 2672 3306 2777 posle,
3349 2672 3474 2749 fibi
3501 2670 3956 2775 persuadent.
3995 2676 4064 2713 **

1032 2772 1205 2849 Ne'c
1228 2770 1585 2847 tamenin
1616 2768 2053 2871 cognitione
2080 2770 2208 2847 ista
2260 2768 2782 2847 subiiste1·1dtnn
2809 2824 2832 2863 ‚
2907 2768 3032 2847 sed
3073 2770 3334 2847 cuneta
3377 2770 3468 2847 ad
3509 2770 3682 2847 fidei
3745 2769 3822 2847 ὃς
3863 2772 4070 2857 vitae,

1088 2867 1295 2947 raxin
1322 2864 1829 2946 'transferenda
1852 2865 2056 2963 sunt,
2108 2869 2389 2972 quippe
2408 2866 2617 2973 quod
2645 2868 2964 2971 genuina
2993 2869 3410 2970 theologiae
3439 2868 3554 2945 vel
3579 2868 3896 2946 maxime
3913 2896 4064 2972 po-

1124 2958 1243 3045 'lat
1283 2966 1489 3045 ratio.
1538 2970 1619 3011 *⁴¹

1205 3102 1235 3139 *
1276 3099 1575 3166 Veritatis
1606 3116 1821 3168 autem
1847 3096 1961 3168 ista
1978 3100 2267 3187 cognitio
2281 3097 2363 3167 ad
2378 3096 2495 3167 do-

1026 3206 1269 3253 norum
1294 3184 1749 3272 spiritualium,
1787 3190 2016 3273 quibus
2044 3186 2329 3253 ecclesiae
2375 3186 2493 3254 do-

1028 3274 1273 3357 &orem
1302 3291 1492 3359 atque
1532 3271 1909 3360 theologum
1950 3272 2329 3341 instructum
2368 3272 2493 3341 esse

1026 3358 1211 3429 decet
1238 3406 1259 3442 ,
1300 3364 1769 3427 incrementum
1820 3358 1907 3427 est
1953 3379 2323 3446 comparata
2355 3407 2374 3441 ,
2419 3363 2490 3426 in

1024 3468 1161 3535 quo
1186 3444 1379 3515 finem
1410 3442 1595 3514 studii
1640 3446 1813 3515 theol
1900 3450 1983 3514 ici
2027 3446 2212 3531 supra
2252 3444 2489 3514 consti-

1024 3538 1301 3615 tuimus,
1329 3531 1411 3601 ad
1442 3553 1637 3620 quem
1666 3531 1831 3601 adeo
1952 3530 2311 3615 meditatie,
2342 3556 2491 3601 curn

1024 3622 1281 3707 reliquis
1306 3617 1571 3701 mediis,
1606 3618 1686 3687 de
1709 3621 1939 3707 quibus
1968 3619 2073 3687 hic
2098 3622 2287 3707 verba
2342 3620 2489 3688 faci-

1020 3728 1190 3791 mus,
1218 3728 1341 3773 nos
1382 3705 1578 3774 ducit.

1126 3816 1139 3829 ·
1194 3798 1270 3834 ⁸¹*
1310 3792 1637 3861 falluntur
1678 3790 1851 3861 haud
1888 3790 2114 3875 dubie,
2148 3794 2297 3881 qui,
2322 3796 2485 3861 veri-

1018 3898 1215 3951 tatem
1236 3881 1536 3949 omnibus
1564 3884 1651 3947 ita
1680 3882 1943 3948 obuiam
1962 3926 1981 3963 ,
2012 3899 2274 3968 putant,
2303 3900 2373 3946 vt
2404 3880 2485 3948 ad

1014 3988 1163 4041 cam
1210 3965 1719 4056 cognoscendam
1770 3968 1953 4034 nullo
1994 3969 2261 4048 labore,
2305 3970 2483 4035 nulla

1012 4078 1181 4145 opus
1209 4052 1283 4123 fit
1319 4052 1759 4123 meditatione.
1847 4052 2358 4121 considerandus
2388 4072 2479 4121 ta-

1013 4162 1169 4223 nnen
1210 4142 1317 4211 hic
1358 4145 1638 4217 omnino
1682 4138 1809 4228 ipse
1850 4144 2237 4229 cognitionis
2276 4143 2479 4208 ambi-

1014 4238 1137 4310 tus',
1178 4228 1533 4317 diuersique
1562 4231 1696 4297 eius
1718 4225 1968 4317 gradus.
2069 4228 2155 4294 Vt
2184 4227 2476 4297 homines

1010 4318 1243 4404 plebeii
1289 4337 1362 4384 ea
1410 4316 1835 4403 cognoscant,
1879 4336 2042 4402 quae
2086 4314 2169 4383 ad
2208 4314 2475 4383 salutem

1009 4402 1520 4490 consequendam
1548 4404 1695 4470 sunt
1709 4404 2059 4487 necessaria,
2090 4424 2229 4469 non
2242 4406 2472 4483 multe,

1008 4491 1243 4573 fateor,
1262 4490 1477 4559 labore
1494 4538 1513 4574 ,
1544 4512 1665 4561 nec
1686 4486 1849 4559 adeo
1865 4488 2181 4577 profunda
2206 4510 2369 4579 opus
2388 4488 2473 4557 est

1010 4574 1449 4649 meditatione.
1582 4576 1703 4647 Sed
1740 4580 1922 4647 aliter
1960 4572 2041 4645 de
2077 4580 2157 4645 iis
2214 4577 2467 4645 censen-

1007 4660 1187 4749 dum,
1218 4668 1327 4754 qui
1356 4668 1429 4732 in
1454 4666 1733 4733 veritatis
1760 4666 2169 4755 cognitione,
2186 4662 2299 4733 -seu
2326 4684 2471 4733 em-

1006 4752 1274 4836 ditione,
1298 4774 1388 4821 .eo
1413 4774 1609 4839 vsque
1634 4748 1945 4841 proficere
1968 4752 2225 4835 volunt,
2268 4768 2337 4821 vt
2350 4748 2467 4819 aii-

1003 4862 1085 4910 os
1106 4844 1341 4919 iterum
1369 4838 1633 4923 docere,
1660 4842 1737 4907 iis
1784 4862 1863 4907 ue
1892 4842 2067 4909 viam
2094 4837 2179 4909 ad
2200 4838 2467 4907 salute'm

998 4928 1355 5009 monstrare
1384 4944 1641 5017 queant.
1695 4858 1841 5013 ἧι,
1868 4922 1917 4999 fi
1938 4926 2173 5001 cuncta
2208 4929 2303 4999 ita
2324 4926 2465 5021 pla-

2508 4818 2523 4827 .
2540 4756 2702 4843 pelte
2723 4776 2824 4821 eos
2863 4754 3104 4823 intrare
3125 4796 3150 4839 ,
3195 4760 3218 4825 i

2581 3124 2668 3171 na
2695 3126 2769 3171 ac
2801 3101 3005 3169 facilia
3021 3098 3126 3168 fibi
3153 3101 3268 3169 effe
3299 3096 3728 3187 persuadeant,
3757 3120 3824 3167 vt
3839 3100 4060 3169 nullae

2579 3194 2828 3277 vspiam
2856 3192 2912 3256 se
2939 3190 3209 3255 offerant
3243 3184 3674 3267 difficultates,
3720 3190 3901 3253 nulla
3931 3192 4057 3254 ob-

2579 3274 2843 3353 stacula3
2879 3274 3168 3342 nondum
3203 3278 3368 3351 iistis,
3401 3275 3556 3361 quid
3584 3275 3922 3358 veritas-lit,
3957 3278 4052 3341 se-

2576 3386 2726 3432 cum
2769 3362 3126 3450 expcndiss'e
3139 3408 3164 3445 ,
3205 3381 3316 3429 aut
3345 3368 3412 3428 in
3456 3366 3588 3429 eius
3635 3362 4053 3448 inquisitione

2575 3453 2933 3539 periculum
2961 3448 3224 3537 aliquod
3251 3450 3472 3529 fecisse,
3506 3448 3822 3517 videntur.
3880 3452 4050 3517 Rur-

2576 3539 2676 3603 sus
2703 3555 2916 3603 tamen
2950 3540 3018 3605 &
3056 3538 3148 3603 illi
3178 3536 3498 3617 falluntur,
3541 3556 3652 3603 aut
3667 3541 3896 3604 mentis
3915 3538 4044 3604 im-

2575 3625 2982 3691 becillitatem
3009 3620 3294 3711 produnt
3322 3670 3343 3705 ,
3406 3627 3514 3709 qui
3568 3627 3898 3691 veritatem
3953 3629 4048 3691 ita

2578 3710 3016 3778 absconditam
3044 3758 3064 3793 ,
3107 3731 3217 3775 aut
3258 3730 3356 3775 tot
3395 3706 3870 3777 difficultatibus
3917 3714 4045 3779 cir-

2572 3799 2998 3885 cumseptam,
3034 3797 3465 3877 contendunt,
3512 3816 3578 3863 vt
3605 3804 3884 3866 omnino
3926 3822 4044 3867 co-

2567 3886 2776 3972 gnosci
2820 3903 3113 3972 nequeat.
3257 3888 3510 3951 Notum
3555 3885 3640 3953 est
3697 3884 3856 3953 illud
3902 3908 3948 3953 n
3969 3908 4044 3955 ε-

2567 3993 2792 4039 Mocn
2813 3996 2828 4037 ι
2849 3994 2957 4038 TI:
3001 3980 3046 4030 iv
3073 3978 3214 4043 βνθᾶΐ
3241 3974 3270 4039 ἦ
3301 3974 3536 4040 ’ἀλήθει’
3567 3976 3794 4039 veritas
3809 3976 4038 4060 inpro-

2546 4057 3060 4145 fundocst,apud
3093 4080 3543 4127 moer-,Nem
3575 4082 4038 4145 LAERTIVM,

2564 4147 2703 4213 Lib.
2728 4147 2996 4229 busta.
3025 4152 3278 4213 LXXH.
3297 4166 3364 4231 p.
3388 4170 3471 4211 m.
3483 4154 3624 4228 586·
3728 4144 3932 4230 Quod
3961 4150 4050 4218 &-

2566 4230 2760 4317 hodie
2787 4234 3082 4299 nonnulli
3101 4234 3590 4319 amplectuntur,
3619 4256 3760 4301 non
3777 4254 4038 4305 tantum

2560 4321 2629 4387 in
2656 4318 3139 4406 philosophicis,
3169 4318 3273 4387 sed
3297 4319 3670 4409 theologicis
3686 4325 3903 4404 etiam,
3933 4326 4030 4391 ita

2560 4404 2998 4475 absconditam
3025 4408 3093 4475 &
3119 4404 3517 4495 impeditam,
3546 4407 4030 4495 contendentes«,

2556 4512 2627 4559 vt
2651 4498 2722 4561 in
2749 4516 2821 4562 ea
2847 4492 3124 4561 eruenda
3154 4498 3366 4563 omnis
3407 4494 3630 4565 frustra
3667 4496 4034 4567 insumatur

2553 4580 2758 4649 labor.
2847 4580 2944 4647 Ita
2975 4578 3236 4667 quidem
3261 4602 3489 4651 Ρετι.
3523 4598 3906 4667 tantvs,
3949 4588 4028 4655 in

2550 4684 2874 4735 comem.
2891 4664 3436 4825 Pbihfipbs‘per
3443 4670 3598 4739 haec
3605 4670 3838 4740 ves-bt:
3857 4691 4028 4739 com-

3299 4776 3526 4845 agens,
3558 4772 3630 4825 vt
3663 4754 3818 4829 inde
3857 4780 4034 4832 con--

2552 4838 2763 4925 ficiat,
2795 4839 3056 4931 perinde
3079 4841 3342 4917 tandem
3369 4844 3490 4913 eise
3507 4890 3528 4929 ,
3551 4864 3748 4933 quam
3771 4850 3918 4935 quis
3945 4850 4024 4917 in

2548 4930 2760 5017 rebus,
2789 4928 3274 5030 adreligionem
3293 4927 3700 5003 christianam
3723 4934 4022 5025 speetatr-

3779 5036 3784 5041 '
3835 5024 4018 5097 'tibus
