5259 5967
811 642 876 709 DE
899 637 1215 709 THEOLOGIA
1238 642 1561 711 Phrursrrcn.
1878 662 1943 731 517

528 735 1939 761 ....-.....-...-..-..-.-..-...........-................,..

528 772 749 857 ata,eccles1ae
764 796 916 841 romanae
929 776 1071 861 propria,
1087 776 1162 841 reti·
1204 792 1261 841 ant
1269 770 1471 861 praesidium.
1516 773 1576 841 Sed
1584 771 1666 840 hisce
1679 775 1937 862 interscriptores

528 884 552 948 t,
568 864 675 930 conati
685 861 774 938 sunt,
796 862 850 928 alii
864 881 973 929 autem
982 861 1160 929 consultius
1203 860 1386 949 theologiae
1402 862 1580 947 polemicae
1600 860 1690 929 suum
1703 859 1935 951 adsignabimus

529 970 641 1030 unt,ex
649 952 846 1036 antiquitatis
856 947 1078 1017 ecclesiasticae
1085 947 1158 1016 fon·
1201 949 1322 1015 locum.
1366 950 1454 1017 Inter
1468 970 1522 1017 eos
1536 971 1634 1031 vero,
1648 952 1704 1036 qui
1717 948 1935 1037 dogmaticam

528 1057 735 1127 ‚patrumque
744 1036 856 1118 effatis,
873 1058 960 1102 noua
975 1034 1157 1123 theologiae
1200 1034 1399 1125 theologiam
1418 1056 1455 1104 ex
1475 1055 1602 1123 patrum
1622 1041 1844 1104 monumentis
1871 1055 1935 1102 tra-

528 1144 594 1193 iata
614 1124 764 1192 condere.
817 1122 926 1209 Atque
949 1121 1025 1192 hinc
1046 1140 1156 1191 ortum
1201 1124 1316 1202 siant,
1335 1144 1457 1209 quosue
1485 1124 1536 1191 hic
1562 1127 1730 1210 praecipue
1756 1128 1933 1203 innuimus,

528 1235 582 1281 eos
602 1211 647 1280 est
667 1208 835 1279 discrimen
855 1214 940 1278 inter
960 1209 1160 1297 theologiam
1203 1230 1298 1277 niort.
1312 1232 1467 1277 rurnuivs
1481 1214 1524 1277 ita
1541 1215 1672 1292 eminet,
1687 1230 1722 1279 vt
1736 1213 1934 1299 reliquorum

528 1300 628 1379 sicam
642 1300 682 1373 {s
692 1298 871 1385 pofitiuam,
894 1296 933 1367 de
947 1320 1014 1385 quo
1031 1296 1072 1365 ad
1086 1298 1160 1364 libri
1202 1300 1337 1385 gloriam
1353 1300 1448 1384 plane
1461 1300 1694 1381 obscurauerit,
1709 1301 1856 1387 solusque
1872 1296 1936 1365 fere

528 1382 1157 1473 secundicap.1.§.1.trx11.diorumest.
1202 1384 1315 1473 dignus
1328 1382 1377 1465 stt,
1393 1390 1448 1471 qui
1464 1406 1747 1455 commemoretur.
1792 1390 1932 1453 Immor-

527 1469 757 1563 :adpofitiuam
770 1495 869 1561 quam
882 1492 1013 1556 vocant,
1028 1491 1157 1541 cumet-
1200 1476 1262 1538 tale
1279 1492 1419 1559 namque
1440 1476 1583 1540 nominis
1604 1472 1699 1541 decus
1716 1476 1933 1561 consequutus

528 1560 800 1649 rtrijiicospcileta
822 1564 877 1647 qui
893 1561 977 1628 hanc
993 1562 1156 1647 speciatim
1200 1558 1259 1638 esl,
1273 1557 1317 1625 ob
1332 1582 1407 1645 opus
1421 1562 1458 1625 de
1471 1561 1645 1649 theologicis
1655 1562 1861 1651 dogmatibus,
1877 1583 1931 1627 cu·

528 1669 643 1729 rerunt,
658 1646 753 1716 huius
761 1650 825 1715 loci
833 1650 915 1716 sunt.
938 1648 1072 1727 Etsane,
1086 1670 1155 1714 non
1198 1650 1247 1713 ius
1261 1644 1360 1713 editio
1375 1648 1408 1714 bt
1426 1642 1633 1715 nouissima&
1648 1654 1772 1737 optima
1781 1647 1835 1731 est,
1850 1668 1931 1734 quae

529 1736 630 1815 dum,
656 1733 833 1822 patrillicae
858 1734 1039 1824 theologiae
1058 1734 1155 1803 hodie
1198 1736 1422 1821 Antwerpiae,
1437 1735 1862 1821 autporiushmstelodami,
1878 1734 1929 1799 sert

528 1824 726 1890 romanenses
738 1824 834 1909 longe
846 1824 941 1889 aliam
957 1823 1069 1889 faciem
1084 1822 1155 1902 else,
1199 1820 1756 1913 tomisinsol.ann017oo,prodiir.
1780 1844 1931 1893 tricoria.

538 1912 618 1978 olim
633 1908 720 1997 apud
740 1906 940 1977 scholasticos
956 1908 1041 1987 suite
1069 1908 1155 1999 poll·
1200 1926 1398 1989 restitutus,
1410 1908 1534 1990 hocelh
1551 1932 1645 1980 totu.
1657 1927 1823 1994 ctrrrevs,
1839 1930 1931 1999 prae-

528 1997 725 2083 viriquidam
737 2002 822 2065 inter
835 2019 888 2063 eos
896 1988 1078 2079 dosiilsrmi,
1093 1999 1155 2065 lin·
1199 1996 1354 2066 sationem
1373 1994 1551 2083 praemisit,
1572 1998 1785 2070 &hincinde
1800 1998 1929 2065 notulas

528 2109 565 2153 ue
586 2089 701 2152 latinae
716 2087 747 2151 ὅ(
761 2104 907 2171 graecae,
923 2088 1001 2153 item
1025 2107 1065 2153 ue
1077 2087 1152 2151 artis
1196 2079 1356 2171 adspersit.
1401 2083 1569 2237 Quidquid
1578 2091 1779 2173 inpartibus,
1795 2088 1929 2173 scripto·

528 2168 744 2260 ‚operitiffimi,
760 2171 800 2238 ad
816 2106 1152 2259 campenraiiandarn
1196 2172 1345 2257 riburque
1361 2168 1486 2239 ecclesia
1514 2176 1586 2255 icis,
1608 2175 1776 2245 obseruata
1793 2173 1928 2263 dignum

528 2284 568 2327 im
581 2259 773 2339 adiecerunt,
817 2262 899 2327 Non
912 2279 1027 2326 omnes
1043 2278 1152 2326 tamen
1196 2256 1235 2325 de
1251 2256 1441 2345 theologicis
1455 2258 1659 2345 dogmatibus
1673 2266 1856 2343 inuenitur,
1875 2259 1927 2325 hic

528 2345 1151 2434 isunthabendiloco;pauciqueomni·
1194 2344 1929 2435 invnumvelutcongestumcumuluin,sunul·

529 2458 561 2505 er
579 2438 652 2502 illos
665 2454 908 2520 promerentur,
924 2453 957 2501 vt
971 2437 1008 2501 in
1022 2432 1152 2502 censum
1194 2448 1338 2520 queapte
1349 2428 1548 2520 dispositum,
1562 2436 1851 2516 obseruationibus,
1866 2454 1928 2499 no·

528 2543 564 2589 it.
608 2525 678 2589 Nec
691 2544 772 2588 vnus
786 2519 935 2610 idemque
951 2525 1101 2588 omnibus
1116 2523 1151 2585 in
1195 2522 1507 2608 titiamantiquiratis
1522 2521 1744 2593 ecclesiasticae
1756 2520 1841 2591 haud
1856 2520 1925 2585 vul·

528 2608 606 2679 mdis
619 2629 749 2697 patrum
759 2607 946 2677 testimoniis
959 2608 1152 2677 constitutus
1194 2626 1302 2696 garem
1310 2606 1513 2695 spirantibus,
1524 2608 1725 2695 illustratum,
1741 2606 1925 2695 &stiloele·

531 2718 602 2784 pus.
647 2700 809 2764 Nonnulli
824 2701 994 2765 enimeum
1009 2692 1151 2764 insinem
1193 2700 1282 2849 ganti
1298 2714 1504 2779 exornatum,
1520 2698 1703 2787 conspicere
1716 2701 1802 2772 licet.
1846 2699 1926 2763 Sub-

530 2804 602 2865 unt,
617 2804 653 2850 vt
661 2806 773 2850 eorunr
782 2784 951 2851 consulant
958 2782 1151 2861 commodis,
1206 2779 1278 2848 rdiis
1295 2800 1374 2850 vero
1388 2780 1473 2865 illis,
1495 2790 1610 2871 quibus
1629 2788 1743 2857 ausior
1755 2784 1926 2855 inslrudlus

528 2893 642 2937 mones
650 2872 753 2939 sacros
761 2870 969 2959 adpopulum
976 2868 1150 2939 haberecu-
1193 2868 1263 2951 fuit,
1278 2864 1301 2934 fi
1314 2867 1356 2936 ad
1369 2872 1537 2941 veritatem
1555 2878 1663 2959 potius
1678 2872 1924 2950 defendendam,

567 2960 618 3024 Sic
632 2982 650 3024 a
663 2959 832 3025 nonnullis
847 2960 1021 3026 celebratur
1034 2978 1077 3024 ιο.
1091 2976 1150 3025 ιο·
1217 2974 1293 3023 uam
1308 2954 1454 3024 ecclehae
1475 2978 1627 3029 romanae
1646 2984 1766 3031 errores
1788 2962 1923 3049 pallian-

528 3047 620 3112 itome
631 3046 811 3129 firniiorum
821 3062 951 3132 patrum
965 3068 977 3124 ,·
1009 3044 1062 3113 sed
1075 3042 1149 3112 illo'-
1194 2978 1307 3110 dosvti
1319 3044 1483 3123 voluissem
1505 3046 1585 3115 nihil
1600 3052 1634 3115 in
1649 3051 1751 3119 hocce
1762 3068 1860 3135 opere
1869 3043 1923 3112 de-

528 3131 683 3199 tmvsrbus
693 3132 894 3213 destinatam,
908 3136 1007 3219 quiin
1016 3136 1148 3199 concio·
1193 3128 1320 3199 siderari
1341 3131 1503 3217 potuisset.
1555 3138 1625 3205 Nec
1647 3158 1775 3220 tamen,
1799 3132 1821 3203 si
1846 3132 1923 3199 hinc

527 3266 538 3301 ,
558 3237 685 3306 patrum
701 3221 749 3287 vti
767 3216 979 3304 testimoniis,
1001 3224 1148 3309 cupiunt,
1193 3221 1289 3285 eriam
1298 3214 1447 3301 discedas,
1456 3226 1607 3293 omnibus
1615 3227 1745 3313 placuit,
1755 3220 1923 3292 autdiuer·

528 3328 532 3372 :
557 3308 696 3395 pleniori
724 3309 790 3373 eius
820 3306 1027 3393 inscriptione
1051 3322 1148 3395 patet,
1191 3306 1222 3372 sa
1236 3302 1410 3375 dodlorum
1423 3311 1569 3377 virorum
1588 3318 1706 3381 euitare
1716 3314 1826 3401 potuit
1840 3306 1922 3375 iudi-

529 3416 595 3461 ute.
611 3414 777 3463 auronius
793 3391 947 3474 exhibet,
965 3399 1022 3482 qui
1035 3394 1147 3462 audio-
1191 3396 1250 3460 cia.
1294 3395 1420 3476 lmmo,
1435 3418 1505 3465 non
1522 3396 1703 3481 defuerant,
1718 3404 1774 3487 qui
1789 3416 1922 3465 roravi-

528 3483 1010 3567 rumfiocrorumscriprurarum‚
1024 3483 1146 3568 saniio·
1190 3500 1240 3547 vu
1248 3484 1389 3547 omnino
1401 3484 1496 3572 plagii
1506 3506 1595 3553 reum
1609 3488 1756 3555 licerent.
1785 3504 1922 3554 rantvu-

528 3569 685 3655 eecciestoe
691 3585 821 3654 parrum
835 3570 961 3635 ieiiione
971 3571 1011 3641 θ’
1021 3566 1147 3721 cogniti·
1191 3588 1251 3633 ovs
1270 3590 1410 3653 namque
1424 3592 1595 3652 userius,
1604 3593 1700 3661 atque
1715 3595 1848 3643 vrsruvs
1862 3593 1923 3639 ov-

528 3654 758 3743 iirusiiffimum,
773 3673 884 3734 vocat,
900 3655 935 3721 dt
950 3677 1033 3743 opus
1069 3673 1148 3721 occe
1191 3674 1342 3735 shows,
1358 3660 1570 3742 irritintrario,
1587 3660 1676 3747 quod
1691 3664 1845 3751 gallicana
1859 3662 1921 3725 tin·

528 3767 540 3810 e
558 3748 639 3833 1596
653 3762 793 3829 quatuor
814 3761 870 3809 aut
916 3746 1035 3829 uinque
1053 3742 1146 3808 volu·
1189 3762 1250 3830 gua
1267 3740 1453 3826 ediderunt,
1466 3745 1636 3831 litterario,
1647 3770 1680 3836 p.
1695 3768 1759 3833 177.
1777 3764 1920 3825 narrant,

528 3832 600 3896 isin
609 3830 664 3897 sol.
672 3828 831 3917 prodiisse,
848 3764 1006 3899 &deinde
1019 3832 1144 3917 aliquo·
1189 3830 1332 3899 Diuione
1350 3832 1383 3895 in
1406 3834 1603 3904 bibliotheca
1620 3858 1747 3923 patrum
1766 3830 1920 3902 minimo·

528 3916 640 3999 usum,
657 3914 799 3994 testatum
812 3916 1145 4005 bibliotbcc.bisp.rom.
1189 3936 1261 3982 rum
1270 3914 1411 3984 ostensos
1422 3916 1477 3986 sibi
1490 3926 1614 4010 aliquot
1628 3926 1778 3993 crassatus
1792 3922 1923 3989 theolo-

527 4023 565 4069 ·o.
584 4002 682 4072 Haud
697 4008 828 4093 exiguus
844 4004 1001 4073 eiusmodi
1012 4006 1144 4091 scripto·
1187 4001 1415 4102 giaepolitiuae
1429 4008 1594 4077 cardinalis
1602 4028 1919 4083 ovavsrrutonrcut

528 4089 601 4179 ipud
626 4092 830 4160 romanenses
855 4089 950 4159 exstat
973 4108 1144 4170 numerus;
1189 4090 1389 4160 conhrmalse
1406 4112 1516 4163 autern
1530 4099 1640 4180 illum,
1654 4102 1710 4187 qui
1724 4098 1869 4185 ipsorum
1882 4097 1919 4159 in

528 4200 625 4262 tmen,
638 4198 780 4268 rtpotea
792 4176 903 4247 nostro
910 4176 1058 4249 instituto
1070 4179 1144 4245 alie·
1189 4173 1416 4245 bibliothecam
1431 4177 1694 4253 deducendorum
1713 4186 1918 4273 prouinciam

528 4270 787 4335 :aeternittinus
830 4283 1145 4337 nor.nrutanuruvs
1188 4264 1349 4347 habuerit,
1364 4286 1457 4335 brou.
1472 4290 1644 4341 irritavit
1657 4296 1694 4343 ex
1713 4278 1752 4341 iis
1765 4268 1920 4359 dogmata

528 4357 603 4437 alis,
634 4354 753 4441 aliique
768 4351 1059 4422 controuersiarum
1071 4353 1142 4420 scri·
1186 4353 1242 4419 sua
1254 4349 1436 4441 theologica
1452 4356 1644 4444 desumfisse,
1661 4364 1695 4431 dt
1708 4359 1801 4431 fufius
1814 4356 1918 4425 solum

532 4486 542 4523 ,
598 4438 803 4509 trumitidem
811 4443 1053 4529 conglomerare
1061 4440 1144 4509 reili-
1187 4440 1259 4507 loca
1271 4460 1419 4525 patrum,
1443 4450 1674 4533 conciliorum,
1695 4448 1918 4520 &ausimum

551 4530 654 4611 olent,
670 4532 707 4597 iis
721 4546 756 4593 vt
769 4546 829 4593 nos
843 4530 1001 4611 obruant,
1016 4546 1091 4596 cum
1109 4531 1144 4594 in
1187 4525 1466 4597 ecclesiasticorum
1480 4537 1675 4622 exposuisse,
1689 4560 1770 4625 quae
1785 4559 1804 4604 a
1817 4530 1920 4602 cardi·

528 4615 796 4691 :rasacranullam
804 4612 1007 4689 tauffaesuae
1018 4617 1141 4686 inueni·
1189 4616 1255 4685 nali
1272 4618 1470 4773 inrmargine
1491 4620 1536 4693 sui
1553 4628 1660 4715 operis
1685 4645 1811 4698 tantum
1828 4635 1919 4689 eraut

1340 4717 1421 4789 τίς
1819 4712 1915 4779 citata
