5259 5967
871 656 1278 758 ornuroroern
1300 667 1530 757 ironrtt.
1619 644 1624 653 ’
1909 714 1975 779 577

534 788 1012 815 ma·—
1280 795 1372 807 ‘—
1935 808 1972 819 ι-

534 852 664 921 uergat,
673 836 849 920 omniaque
857 830 1101 920 complexusfit,
1112 854 1194 918 quae
1237 831 1311 903 dam
1325 833 1613 919 commendantur,
1629 836 1701 907 libri
1715 842 1833 907 eiusde
1847 844 1970 910 oirtteei-

534 923 902 1011 logiaemorelisnomine
914 924 1060 987 veniunt.
1102 924 1191 988 an-
1234 923 1510 1013 bor,tlelegibtet,
1531 926 1568 991 te
1581 926 1737 1009 moribus,
1763 930 1969 1007 devitiis&

535 1009 710 1095 squidem
728 1030 799 1077 non
819 1009 929 1084 malet
963 1030 1039 1075 cum
1068 1006 1190 1097 agenda
1228 1015 1385 1098 peccetis,
1420 1014 1693 1091 detentationilus
1714 1015 1965 1102 moestiorem,

542 1098 633 1165 ardio
654 1119 732 1164 cum
750 1095 916 1164 credendis
932 1097 1108 1164 coniundla
1128 1094 1190 1163 srnt
1231 1100 1383 1179 boeest,
1420 1122 1482 1186 qua
1510 1103 1581 1187 quir
1616 1105 1743 1170 ratione
1778 1108 1967 1171 tentationi·

533 1187 599 1263 uio,
608 1185 854 1252 traseinuicem
865 1184 1000 1269 separari
1009 1202 1187 1271 nequeante
1230 1190 1289 1255 bus
1303 1184 1438 1255 resistere
1451 1204 1564 1274 queat,
1586 1188 1620 1256 ἀ
1631 1191 1695 1255 alii.
1752 1193 1860 1277 Iungit
1874 1195 1902 1259 ci
1919 1196 1964 1258 al.

534 1276 602 1337 nnis
617 1294 677 1339 nec
689 1266 941 1357 reprehendendi
955 1268 1025 1350 sint,
1040 1272 1188 1357 quiseor·
1231 1294 1339 1342 terum
1353 1294 1422 1342 ott
1432 1296 1468 1341 ur
1479 1295 1524 1342 ru
1534 1295 1645 1356 mter,
1660 1276 1778 1345 scilicet
1790 1276 1962 1346 Altisrodo·

536 1363 663 1425 notalia
683 1356 834 1439 tradant,
858 1355 947 1443 quod
962 1357 996 1425 δι
1011 1360 1187 1424 nonnullos
1231 1362 1355 1429 rensem
1363 1362 1561 1448 episcopum,
1574 1384 1651 1429 err
1662 1386 1696 1431 rr.
1710 1386 1928 1433 tritomum
1938 1389 1964 1432 ι-

534 1444 775 1512 :lrulasiicorum
794 1462 890 1531 gente
909 1442 1030 1527 fecisse,
1050 1444 1186 1512 constat.
1231 1466 1348 1531 euve,
1362 1452 1405 1515 ob
1409 1452 1564 1529 fiemmam
1578 1449 1778 1537 theologicam
1784 1476 1797 1531 ,·
1819 1458 1961 1538 quaemi-

533 1556 632 1599 :runre
646 1553 755 1602 autem
767 1536 868 1614 iuuat,
884 1554 956 1614 eor,
971 1536 1027 1619 qui
1037 1536 1073 1600 in
1079 1536 1187 1616 seeun-
1230 1558 1299 1617 nus,
1319 1538 1440 1621 inquit,
1458 1536 1649 1621 impurorum
1656 1539 1839 1625 {dogmatum
1852 1540 1964 1621 babet,

534 1623 733 1699 fi‘cuneleerrr
742 1641 797 1687 orn
806 1642 855 1687 tr
869 1642 913 1687 or
927 1640 1186 1705 novruoeom·
1228 1644 1324 1709 quom
1336 1642 1439 1688 omenes
1457 1623 1593 1688 aliorum
1606 1626 1763 1708 summae,
1776 1630 1880 1691 minus
1893 1627 1962 1691 licet

534 1712 591 1775 tati
606 1710 684 1787 sunt,
699 1709 863 1795 speciatim
878 1708 1053 1795 mereltstes
1066 1706 1149 1789 dici,
1165 1729 1187 1773 a
1229 1710 1414 1789 dedititiae,-
1447 1710 1618 1775 inmediri
1636 1714 1815 1797 vniteersm
1835 1712 1963 1801 theolog.

534 1818 567 1861 us
581 1795 735 1879 cesteistae,
754 1796 789 1862 &
803 1796 991 1880 abvtritque
1006 1799 1123 1861 iterum
1136 1816 1186 1859 ce·
1228 1796 1461 1885 momsttedinm,
1476 1800 1653 1883 capaciter.
1666 1804 1748 1879 §.ld
1792 1802 1962 1887 Necprae·
1997 1862 2001 1878 ‚

534 1883 589 1947 loe
610 1882 701 1948 distin
725 1883 893 1947 orbantur.
944 1884 1111 1948 Nimirum
1129 1884 1198 1969 qui·
1230 1881 1823 1954 termtttcndushicestttrxtuorr
1837 1908 1881 1953 nr
1894 1906 1982 1955 nr·-

539 1992 592 2036 nes
608 1902 832 2036 eccledosticor
852 1968 1078 2052 explicabant,
1092 1990 1185 2032 cano·
1230 1993 1317 2051 urs,
1340 1968 1403 2037 siue
1419 1990 1604 2051 tursius,
1619 1975 1708 2036 cuius
1722 1994 1837 2058 magna
1846 1972 1962 2041 eodem

534 2079 601 2120 eum
616 2058 960 2130 veniebantnomine3
983 2054 1185 2141 vticasuista·
1229 2057 1354 2125 saeculo
1385 2055 1510 2122 decimo
1540 2058 1635 2122 tertio
1665 2057 1725 2123 suit
1754 2058 1959 2141 existimatio,

537 2145 591 2210 seu
604 2142 796 2230 mistorum,
819 2144 875 2293 tpui
889 2138 928 2206 ad
944 2140 1076 2210 ductum
1090 2142 1185 2207 lilto-
1228 2149 1347 2232 quippe
1363 2146 1417 2231 qui
1427 2140 1540 2212 itidem
1545 2144 1702 2225 summam
1711 2144 1884 2230 quamdam
1890 2148 1961 2212 vir-

539 2227 806 2315 poenitentialium
848 2225 996 2295 ecafibus
1020 2229 1185 2297 conscien-
1227 2232 1472 2315 tutmreliquit.
1516 2232 1563 2296 Er
1576 2250 1754 2298 turunrr
1770 2253 1822 2296 ma
1847 2233 1961 2300 niscri·

534 2318 673 2402 agebant.
718 2317 868 2401 Cumque
883 2336 951 2380 non
965 2313 1112 2397 deessent,
1126 2316 1185 2403 qui
1226 2321 1291 2405 pt'ir
1326 2317 1547 2402 uemplurirnit
1564 2315 1758 2404 bucspedlat
1771 2254 1960 2384 mcdiridion

534 2402 1184 2485 eascapitemconscientiaescriberentfflem-
1226 2408 1293 2473 eius
1303 2340 1342 2471 de
1353 2406 1439 2469 veris
1448 2406 1652 2489 perstititque
1670 2404 1805 2469 hominis
1819 2403 1960 2490 ebrtstie.

534 2511 555 2553 re
567 2488 680 2556 itidem
697 2488 849 2575 adpellati
865 2488 956 2567 sunt,
986 2510 1184 2577 quamquam
1225 2492 1451 2570 nitirttttihtest
1474 2492 1615 2575 itemque
1626 2489 1864 2557 deedbaerendo
1874 2497 1959 2569 Deo,

534 2580 608 2642 tiam
622 2574 783 2643 interdum
795 2575 1034 2659 itavocatismt,
1044 2580 1185 2663 quifiem·
1228 2575 1356 2664 nequid
1370 2576 1409 2644 de
1423 2578 1638 2642 commentario
1654 2580 1720 2644 eius
1736 2578 1769 2643 in
1786 2578 1879 2644 libros
1886 2579 1959 2660 sen·
1979 2640 1981 2645 .

534 2688 538 2723 e
558 2663 726 2751 theologiae
752 2684 929 2731 rnorrne
952 2685 998 2731 nr
1020 2684 1184 2751 rovruo
1227 2666 1395 2730 tertiarum
1412 2660 1520 2733 dicam
1534 2710 1544 2745 ,
1566 2666 1729 2751 inquibus
1747 2685 1819 2731 eam
1832 2662 1961 2731 theolo-

534 2770 664 2817 catunt.
707 2747 996 2832 Qtemadmodum
1009 2770 1118 2817 autem
1131 2771 1184 2815 ce-
1227 2755 1296 2839 giee
1311 2766 1449 2836 partem,
1470 2772 1552 2836 quae
1568 2748 1607 2816 de
1621 2754 1765 2818 moribus
1785 2754 1958 2837 praecipit,

534 2839 588 2903 lae
605 2840 687 2903 inter
706 2836 875 2923 scriptores
898 2839 976 2902 iuris
990 2834 1184 2904 ecclesiastici
1227 2840 1396 2917 contineri,
1412 2854 1505 2903 antea
1513 2840 1578 2901 ianr
1586 2837 1807 2905 iudicauimus.
1850 2840 1960 2923 Atque

534 2922 830 2999 msrbivindicante
851 2920 1184 3009 itadecasussitdein·
1226 2942 1409 2993 rnrrnrr
1437 2921 1531 2988 huius
1553 2921 1743 3008 discipulum
1769 2944 1958 2989 rnomnre

541 3009 662 3095 aliquid
681 3007 848 3090 dicemur,
876 3031 951 3077 cum
962 3010 1129 3095 :speciatim
1143 3007 1183 3075 de
1226 3034 1279 3079 ou
1294 3030 1455 3095 corruo
1471 3007 1568 3088 fuisse,
1583 3008 1716 3089 constat,
1733 3008 1771 3075 de
1784 3013 1958 3093 cuiussttm-

539 3096 642 3165 diuini
655 3096 860 3183 scriptoribus
873 3098 970 3164 verba
984 3095 1182 3163 faciendesu·
1226 3120 1279 3164 me
1293 3094 1476 3182 theologiae,
1492 3117 1589 3181 quam
1604 3098 1638 3163 dc
1652 3095 1838 3181 theologiam
1854 3118 1959 3163 mora-

534 3211 548 3252 ·.
599 3181 804 3253 Accedebant
823 3181 939 3250 eodem
953 3201 1099 3269 tempore
1118 3204 1182 3268 my·
1225 3187 1284 3251 lem
1297 3183 1470 3269 compledii
1484 3198 1577 3249 antea
1589 3180 1738 3263 diximus,
1746 3183 1811 3249 fuse
1818 3181 1960 3250 librihu·

542 3294 624 3358 quae
631 3269 671 3337 ad
678 3275 838 3337 internam
845 3272 946 3337 animi
953 3268 1185 3356 culturamspe·
1225 3276 1276 3338 ius
1284 3270 1411 3353 secundi
1425 3288 1491 3355 cap.
1505 3273 1532 3335 1.
1546 3268 1586 3335 ad
1600 3280 1634 3349 ς.
1649 3274 1687 3336 Χ.
1703 3272 1838 3356 egimus.
1890 3268 1959 3337 nd.

534 3380 552 3442 :,
569 3358 625 3427 srbi
639 3357 855 3433 vindicantest
878 3377 1018 3442 quorum
1032 3378 1096 3442 qua
1108 3358 1183 3423 rati·
1226 3356 1454 3431 dimussolum.
1468 3378 1550 3440 quae
1564 3376 1612 3421 oe
1622 3378 1639 3423 r
1650 3379 1685 3426 rr.
1699 3378 1849 3423 τηου.
1865 3378 1959 3425 nrt-:t-
1977 3396 1980 3407 ·

534 3468 582 3533 rer
591 3446 689 3532 ipsam
702 3441 1183 3529 dicologiamscholasticanrex·
1226 3465 1322 3511 rurs
1343 3440 1383 3509 de
1391 3444 1524 3527 secunda
1535 3443 1701 3524 secundae,
1723 3442 1775 3509 seu
1793 3442 1959 3532 theologia

534 3556 586 3600 um
594 3550 848 3619 promptumque
860 3526 896 3595 stt
905 3528 1057 3609 studium,
1069 3527 1182 3595 itidem
1227 3530 1344 3597 morali
1366 3549 1568 3606 retortus,
1590 3531 1794 3613 pronuntiat:
1817 3531 1960 3597 Multum

534 3622 602 3687 [oco
617 3618 768 3685 dicemus.
823 3618 874 3681 De
887 3615 1056 3702 ‚morelistit
1076 3618 1185 3700 itaque
1227 3619 1367 3683 eruditae
1401 3616 1559 3681 doetrinae
1586 3635 1625 3677 ex
1655 3614 1781 3683 tertione
1807 3618 1959 3701 secundae

550 3708 604 3775 hic
617 3707 711 3771 nobis
724 3705 829 3770 sermo
844 3699 898 3783 srt,
913 3721 1012 3789 prout
1024 3725 1043 3770 a
1055 3702 1187 3789 castrilio
1227 3704 1334 3770 emim
1346 3701 1678 3788 nostrispromittimtet,
1690 3705 1870 3787 praesertim
1877 3703 1910 3789 st
1919 3705 1961 3768 le·

534 3817 572 3862 :et
585 3816 623 3861 ac
633 3791 795 3878 canonijlis
808 3787 1063 3876 distinguunturt
1084 3788 1186 3857 hocce
1228 3791 1324 3858 liiotm
1335 3789 1659 3855 eiuscommenteeium
1676 3788 1818 3855 Caietam
1830 3791 1959 3855 coniten-

534 3885 592 3946 ine
614 3881 711 3943 etiarn
724 3878 772 3943 illi
791 3873 1024 3962 comprehendi
1045 3877 1185 3963 possunt,
1226 3878 1341 3956 xerint,
1356 3892 1450 3961 etqtte
1461 3893 1641 3963 argumente
1653 3874 1782 3941 Tbomee
1794 3878 1828 3941 in
1833 3881 1961 3960 formu·

534 3964 565 4031 ie
581 3964 792 4036 virtutibus&
803 3966 907 4046 vitiis,
916 3982 971 4030 aut
983 3961 1123 4032 eiusdem
1131 3984 1185 4051 ge·
1227 3964 1344 4031 sarred
1376 3965 1467 4029 erint.
1517 3964 1632 4049 Magni
1647 3984 1717 4028 tero
1737 3964 1805 4026 litet
1824 3963 1960 4048 aestime-

534 4073 564 4116 ta
602 4047 1186 4138 umentismoralibus,egerunttquod
1227 4072 1296 4116 mus
1313 4052 1369 4133 [α’
1408 4072 1441 4115 m
1459 4046 1591 4117 Thomae
1610 4050 1644 4113 in
1658 4049 1826 4115 moralibus
1845 4050 1959 4114 deliri·

534 4138 584 4204 rui
598 4158 633 4201 os
647 4139 743 4201 etiam
755 4158 829 4204 ante
842 4162 863 4204 τ
873 4160 973 4205 riom.
990 4158 1040 4204 or
1060 4160 1186 4225 ωτι·
1227 4159 1324 4220 narn,
1342 4159 1403 4204 nort
1423 4153 1528 4202 temen
1542 4137 1643 4217 tenti,
1659 4153 1698 4202 vt
1712 4156 1780 4201 cum
1798 4134 1961 4222 eenenistit

534 4226 637 4304 icisse,
649 4219 785 4288 constat.
807 4222 1124 4293 commemorandus
1136 4226 1185 4291 in·
1226 4225 1380 4310 haereseos
1383 4226 1553 4310 fiespellttm
1565 4222 1743 4303 habeamus,
1759 4224 1814 4308 qui
1821 4243 1888 4287 eom
1900 4224 1959 4288 im-

534 4312 622 4380 bosce
646 4308 691 4377 est
712 4327 970 4379 ovrurrrurcvs
994 4308 1185 4393 Parisrensrr,
1223 4332 1366 4402 pugnare
1369 4312 1431 4401 fili
1433 4312 1592 4396 sumstrit3
1607 4310 1626 4375 t
1639 4332 1664 4377 c.
1675 4329 1743 4396 cap.
1755 4312 1860 4377 XVII.
1873 4321 1906 4391 ς.
1915 4313 1961 4378 11.

534 4421 625 4466 nceu
644 4396 833 4482 theologum
848 4400 964 4481 paritet
984 4422 1023 4467 ac
1043 4397 1186 4487 philoso-
1230 4402 1287 4489 qui
1302 4402 1338 4469 lt
1361 4410 1392 4483 §.
1412 4402 1472 4465 111.
1489 4396 1632 4465 indicem
1645 4418 1753 4465 rerum
1774 4400 1959 4484 praecipua-

534 4509 579 4565 n,
601 4488 636 4553 ὅ(
650 4480 914 4551 mathematicum
924 4486 1088 4553 summum
1102 4506 1187 4552 non·
1229 4508 1314 4569 rum,
1322 4489 1356 4553 in
1361 4487 1496 4569 secunde
1501 4486 1651 4569 secundae
1659 4486 1906 4566 occurrentium,
1915 4484 1962 4552 se·

534 4574 727 4645 icelebrantt
747 4569 1188 4656 quiuesaeculodetintoter-
1231 4572 1374 4643 cundum
1395 4574 1570 4640 litteratum
1586 4572 1698 4639 seriem
1718 4571 1856 4644 exhibet,
1912 4572 1960 4638 Ex

534 4662 610 4726 ixit.
654 4655 785 4728 Exstant
802 4658 961 4750 nemque,
975 4662 1011 4735 dt
1024 4683 1043 4735 a
1057 4662 1188 4753 quibus·
1230 4657 1495 4741 romanensbus,
1516 4681 1598 4752 quos
1610 4661 1646 4731 in
1658 4655 1768 4730 lauder
1782 4676 1960 4728 ruortnr

534 4766 767 4822 tuunsteoer.
1319 4749 1350 4818 D
1367 4743 1389 4817 d
1403 4744 1460 4817 dd
1885 4744 1959 4833 plur
