5259 5967
542 692 605 769 αθ
861 684 1002 757 uum
1023 684 1232 757 rulonls
1253 684 1429 755 CAPVT
1451 683 1713 767 QVARTVM

542 824 740 905 straturased
750 829 911 915 speciatim
919 827 1212 898 etiamdecarmine
1220 826 1276 897 he·
1319 822 1728 893 omnino'chrislianorum
1746 826 1881 892 nomine
1902 814 2054 911 veniunt,

543 918 646 993 roico,
662 908 702 979 de
718 914 900 1003 tragoediis,
913 915 1099 999 comoediis,
1117 915 1275 1003 poetissa-
1319 914 1417 1000 longe
1434 913 1608 991 sublimius,
1624 915 1741 997 inquo
1759 932 1976 999 occupentur,
1997 910 2056 983 libi

543 1002 662 1153 Krios,
675 1006 848 1088 ceterisque
854 1048 868 1085 ,
884 1007 929 1070 ita
943 1001 1110 1084 dilleritur,
1122 1020 1156 1069 vt
1170 1003 1276 1068 subin·
1319 999 1545 1066 subministrari
1554 1016 1792 1085 argumentum,
1800 1000 2055 1087 intelligunt.Ad

598 1108 729 1173 quoque
743 1090 904 1169 audiores,
918 1088 1021 1178 quide
1034 1088 1278 1158 hisceomnibur
1320 1083 1426 1153 laudes
1440 1089 1526 1152 enim
1543 1084 1667 1153 diuinas
1683 1084 1907 1167 demutandus,
1921 1084 1963 1154 ad
1975 1108 2055 1175 ope-

533 1168 886 1262 ¹exinllitutoegerunr,
900 1175 1081 1244 laudentur.
1320 1195 1354 1239 ra
1365 1166 1707 1240 Numinissandlillimi
1716 1170 1915 1257 celebranda,
1924 1172 1965 1241 ad
1971 1176 2057 1243 salu-

1320 1277 1422 1327 tarem
1445 1257 1626 1326 dodlrinam
1641 1258 1903 1347 propagandam,
1925 1263 1961 1329 &
1983 1264 2056 1333 aliis¹

631 1343 753 1428 Poefin,
767 1346 1035 1433 itil'espedlatam,
1045 1351 1180 1415 minime
1199 1368 1279 1414 con·
1321 1342 1589 1426 inculcandam,a
1649 1348 1696 1411 ios
1706 1346 1895 1433 sandiosquc
1910 1347 2057 1417 adfectus

545 1432 1281 1522 tetnnendam,sedproinlignipotiusDeimu·
1323 1430 1524 1512 excitandos,
1553 1436 1607 1517 qui
1631 1431 1710 1519 quid
1730 1437 1876 1520 podricae
1898 1434 2056 1503 facultatis

547 1540 623 1584 nere
633 1518 832 1597 habendama
845 1541 921 1589 aute
938 1526 1010 1587 iam·
1018 1518 1168 1589 diximus.
1190 1523 1280 1587 Con·
1323 1520 1455 1600 habent,
1468 1515 1524 1585 fibi
1540 1519 1854 1601 conserendumelse,
1873 1523 1954 1589 reste
1969 1525 2057 1589 arbi-

548 1600 653 1670 firmat
668 1608 734 1674 hoc
769 1608 891 1675 lucibus
905 1628 960 1674 ιο.
975 1612 1174 1676 enisurus
1181 1654 1194 1690 ,
1211 1628 1282 1673 ma-
1323 1624 1463 1694 trantur3
1475 1603 1572 1691 idque
1583 1604 1626 1673 ad
1639 1606 1939 1692 exemplumMosis,
1953 1610 2058 1677 Daui·

548 1712 628 1777 gnus
641 1714 731 1777 quon
823 1694 1280 1782 elegantiorumlitterarumin
1323 1692 1383 1775 dis,
1404 1686 1438 1760 dc
1456 1710 1600 1759 veterum
1622 1691 1808 1763 christianae
1829 1694 1972 1764 ecclesiae
1995 1694 2057 1765 do·

547 1776 726 1845 Germania
746 1778 844 1847 stator
862 1786 898 1850 δι
916 1780 1053 1863 vindex,
1075 1786 1110 1849 in
1130 1785 1281 1848 oratione
1324 1781 1464 1861 dlonrm,
1477 1776 1517 1847 de
1531 1782 1646 1866 quibus
1660 1779 1822 1868 deinceps·
1885 1780 2060 1869 Eiusmodi

550 1884 612 1963 pro
625 1872 876 1953 urrepolrarum,
895 1872 931 1935 in
946 1889 1011 1955 qua
1019 1891 1057 1935 ex
1066 1864 1213 1935 instituto
1225 1866 1281 1934 de·
1324 1870 1428 1954 poiris
1441 1872 1517 1934 run
1527 1885 1735 1953 ro,vtputo,
1747 1867 1770 1936 si
1782 1871 1922 1949 viueret,
1938 1871 2057 1939 lubens

550 1949 727 2019 tensionem
741 1957 809 2020 eius
821 1955 966 2041 suscepit.
1030 1956 1150 2023 Nescio
1162 1958 1282 2041 itaque,
1324 1958 1435 2022 locum
1458 1957 1493 2019 in
1514 1955 1674 2039 republica
1687 1955 1741 2021 sua
1761 1954 1964 2033 concederet;
1978 1977 2061 2023 cum

551 2036 630 2124 quid
640 2043 676 2104 in
683 2060 826 2108 mentem
834 2048 957 2111 venerit
977 2064 1059 2112 riu
1069 2063 1211 2129 neru.
1224 2062 1283 2107 ru·
1325 2060 1439 2109 contra
1455 2062 1523 2120 eos,
1538 2044 1596 2126 qui¹
1607 2064 1725 2127 prauos
1740 2041 2059 2129 adsedlusmoresque

553 2125 1282 2215 nno,celeberrimiilliusrnuuovrimifilio,
1325 2128 1498 2195 hominum
1534 2130 1621 2195 velut
1638 2126 1794 2209 induunt,
1819 2149 1853 2195 vt
1873 2129 1983 2197 rebius
1997 2148 2060 2197 eoo

552 2210 631 2279 dum
646 2216 799 2300 peculiari
812 2216 917 2297 libro,
935 2220 1127 2302 defictilirote
1139 2215 1283 2301 porticos,
1326 2218 1500 2301 exprimere
1513 2234 1642 2298 queant,
1657 2238 1727 2281 non
1742 2212 1807 2281 fine
1823 2221 1946 2283 ratione
1958 2236 1997 2283 ex
2010 2216 2060 2281 ci·

552 2298 785 2367 Amllelodami
798 2324 852 2369 an.
870 2310 955 2387 ¹⁶97
970 2301 1077 2384 edito,
1090 2323 1162 2370 eam
1176 2306 1285 2371 reiice-
1326 2306 1426 2369 uitate
1440 2301 1493 2366 sua
1506 2300 1668 2380 dimiserit,
1682 2300 1780 2366 libori
1790 2303 1951 2387 derepubl
1961 2320 1998 2387 p.
2012 2324 2060 2369 ru.

554 2408 588 2455 re
603 2388 732 2473 prorsus
744 2404 839 2474 arque
854 2390 1048 2475 proscribere
1062 2387 1217 2466 austuesta
1232 2410 1286 2455 ca·
1319 2409 1389 2473 595.
1431 2386 1555 2463 Deinde
1569 2387 1604 2453 dc
1618 2382 1786 2467 adfinem,
1806 2406 1902 2471 quem
1924 2408 2061 2457 carmen

552 2472 684 2563 stigatus
698 2471 774 2541 ideo
785 2480 902 2541 merito
915 2476 1146 2563 restitansque,
1161 2493 1232 2542 tum
1244 2476 1286 2540 ab
1327 2470 1458 2560 aliquod
1467 2470 1650 2539 conditurus
1659 2470 1933 2543 sibiconstitutum
1947 2475 2060 2557 haber,

553 2563 636 2641 aliis,
648 2579 718 2627 rum
736 2552 1050 2646 speciatimarnrn.
1068 2582 1285 2643 scuvrzro,
1324 2556 1626 2647 respiciendume'st.
1648 2562 1679 2625 Si
1717 2562 1864 2626 uisenim
1878 2557 2059 2633 nihilaliud

554 2650 705 2733 peculiari
715 2644 941 2730 dissertatione,
954 2650 1077 2737 Lipsiae
1085 2672 1138 2715 an.
1155 2654 1285 2729 1698e·
1327 2648 1456 2736 spedlet,
1471 2668 1569 2734 quam
1579 2580 1768 2729 vildedei,
1781 2649 1815 2715 dc
1830 2648 2005 2746 legentium
2024 2670 2062 2717 a·

554 2730 736 2802 ruditorum
759 2738 898 2802 manuni
913 2735 1065 2823 exposita.
1104 2738 1284 2815 Nimirum,
1327 2740 1436 2803 nimos
1447 2735 1616 2819 voluptate
1635 2732 1773 2820 quadam
1798 2733 1988 2820 perlundat,
2001 2754 2061 2804 aut

555 2844 639 2907 quae
654 2816 853 2903 saepilsimea
865 2827 969 2909 poetis
974 2840 1158 2910 peccantur,
1170 2842 1286 2907 eaper-
1327 2824 1408 2902 aliis,
1421 2823 1457 2903 in
1472 2841 1611 2909 quorum
1619 2818 1780 2887 bonorem
1790 2842 1918 2889 carmen
1925 2820 2062 2911 aliquod

553 2928 677 2993 peram,
689 2902 731 2972 ad
744 2906 902 2975 inuidiam
909 2906 1057 2997 ipsrpoesr
1066 2906 1285 2988 conflandam,
1326 2910 1441 2988 scribit,
1455 2911 1589 2995 turpiter
1602 2905 1770 2983 aduletura
1784 2908 1818 2974 &
1838 2907 1866 2975 se
1882 2910 1893 2973 i
1917 2906 2004 2993 sum,
2021 2910 2058 2979 dc

556 2990 770 3061 adducuntur.
813 2995 889 3061 Huc
896 3000 1039 3083 primum
1050 2995 1284 3083 illudpertinet,
1327 2992 1448 3083 poesin,
1463 2996 1601 3063 aliorum
1615 2996 1795 3062 contemtui
1810 2995 1845 3063 ὅ(
1857 2995 1890 3061 lu
1917 2996 2062 3063 'brioex-

556 3078 648 3167 quod
656 3088 771 3165 poetae
784 3102 853 3147 non
867 3098 992 3151 tanturn
1002 3081 1133 3150 subinde
1148 3084 1284 3161 lasciua,
1327 3084 1433 3171 ponit.
1490 3075 1726 3169 Antiquissimis
1744 3079 1892 3166 equidem
1905 3078 2058 3165 potitius

555 3164 727 3249 obscoena,
742 3168 828 3237 &ab
841 3165 1285 3257 omnipudurealiena,car·
1328 3190 1522 3236 nonurro
1543 3167 1721 3250 credimus,
1745 3165 1948 3255 propositum
1985 3168 2057 3251 nuc,

556 3256 699 3321 minibus
708 3253 982 3337 suisadmisceanr,
996 3252 1195 3324 sedomnino
1203 3258 1286 3322 eius·
1326 3250 1506 3343 grauissima
1534 3252 1757 3343 philosophiae
1784 3276 1969 3341 proponere
1998 3252 2061 3323 do·

554 3338 647 3407 modi
666 3360 907 3429 argumentum,
920 3346 958 3409 in
999 3364 1043 3409 uo
1062 3346 1183 3430 ingenii
1203 3344 1286 3409 vires
1326 3360 1446 3430 grnata.
2086 3356 2090 3363 '

555 3447 740 3508 exerceant,
755 3430 891 3515 eligant,
912 3450 955 3516 qu
1020 3430 1285 3516 vitiisquibusuis
1372 3468 1386 3483 ·
1452 3466 1469 3483 ι
1532 3430 1605 3495 Fuit
1624 3426 1702 3493 hooc
1712 3427 1871 3513 stcpirntia
1891 3428 2063 3514 quondm,

554 3512 740 3601 generandis
745 3536 763 3598 ,·
778 3513 1012 3603 augendisque,
1030 3518 1285 3601 &corrumpen-
1370 3514 1501 3582 Publica
1526 3518 1684 3601 priuato,
1701 3518 1856 3599 secernere
1872 3520 1967 3600 ficcra
1984 3535 2063 3602 pro-

556 3599 605 3665 dis
617 3604 772 3684 moribus,
787 3604 894 3688 aptius
906 3602 968 3686 esl,
1003 3610 1080 3669 uam
1100 3600 1283 3683 excitandis,
1734 3604 1838 3686 fanis,

556 3684 766 3775 fruendisque
780 3690 963 3757 virtutibus.
981 3624 1039 3770 lit,
1051 3707 1204 3776 poterant
1211 3704 1285 3777 pra·
1376 3689 1547 3755 Concubitu
1562 3685 1727 3775 prohibere
1749 3709 1858 3776 ougo,
1890 3690 1968 3757 dare
1984 3690 2062 3763 ritu

554 3795 597 3840 ua
616 3778 746 3862 quaeuis
769 3779 1287 3863 omittere,poreranrargumen-
1723 3777 1865 3861 'murips

556 3874 645 3942 tum,
657 3861 734 3928 vtile
744 3866 882 3947 pariter,
904 3882 942 3930 ac
958 3859 1148 3945 honestum,
1165 3862 1283 3948 perira-
1373 3862 1493 3948 Oppida
1503 3860 1610 3927 moliri
1624 3863 1688 3935 &n
2018 3932 2020 3937 ,

557 3944 924 4017 standumfibisunere.
966 3953 1016 4017 Sic
1025 3946 1286 4037 exipsrsethnicis
1328 3944 1369 4016 de
1384 3950 1780 4036 arrrpoctica,r.596.fi·qq.
1837 3946 2060 4021 Valdeautem

557 4054 763 4103 ursionvs
777 4040 812 4103 in
833 4037 973 4121 operibus
993 4043 1033 4109 ξς
1051 4038 1171 4119 dicbus,
1186 4052 1286 4105 oeco-
1328 4032 1464 4117 dubito,
1482 4058 1524 4102 an
1547 4033 1629 4101 adeo
1648 4039 1749 4101 multa
1772 4038 1915 4124 exempla
1944 4060 2059 4107 eorum

557 4120 1171 4210 nomicaacmoraliapraeceptadedita
1192 4122 1287 4191 dere·
1325 4122 1462 4211 proferri
1477 4138 1604 4209 queant,
1619 4125 1674 4207 qui
1694 4121 1800 4190 sinon
1819 4130 1927 4205 vnice,
1947 4124 2058 4195 filtem

557 4204 615 4271 bus
629 4214 848 4277 oeconomicis
865 4214 901 4277 in
913 4214 1124 4298 georgicorum
1137 4212 1224 4277 libris
1236 4228 1293 4278 et-·
1327 4212 1495 4296 praecipue
1505 4205 1546 4275 ad
1558 4211 1698 4276 aliorum
1711 4208 1971 4295 inllruslionem,
1991 4234 2062 4301 tar·

556 4294 957 4384 imvruciurvsegira
992 4318 1286 4365 rirvsrvcnn-
1328 4292 1704 4365 minasuaconsecerint.
1758 4300 2061 4379 eerieunouu-

555 4398 647 4446 τινε
661 4400 709 4446 cn
719 4401 791 4448 nvs
806 4384 985 4451 uniuersam
997 4386 1037 4453 de
1045 4382 1285 4453 naturadodiri-
1327 4406 1377 4449 no
1392 4385 1426 4453 dc
1438 4404 1645 4465 vinorum,
1659 4388 1714 4472 qui
1728 4389 1905 4474 principem
1919 4390 2005 4456 inter
2020 4384 2063 4461 'e-

553 4486 632 4533 nam
646 4470 786 4536 carmine
798 4472 983 4557 complexus
999 4470 1061 4548 ella
1080 4473 1284 4559 vtreliquos,
1326 4473 1416 4557 picos
1433 4470 1542 4536 locum
1557 4489 1677 4555 tenent,
1691 4492 1838 4541 nontam
1854 4491 1887 4539 vt
1899 4475 2064 4547 alioseru·

553 4574 623 4621 non
631 4557 738 4621 minus
746 4560 981 4641 grauia&scitu
988 4556 1125 4646 dignuin
1132 4561 1283 4626 carmini·
1325 4556 1438 4639 direnr,
1453 4580 1560 4644 quam,
1575 4558 1827 4642 vtdeledlarent,
1841 4563 2064 4649 voluptatem.

552 4640 678 4716 bussuis
692 4644 886 4727 uariantes,
915 4664 1050 4716 oetam.
1091 4648 1280 4735 Quiautem
1323 4666 1385 4734 que
1397 4646 1568 4717 leeioribus
1577 4646 1748 4731 adferrent,
1761 4646 1970 4719 constitutum
1986 4650 2067 4719 soil*-
