5259 5967
553 720 618 788 ,μ
875 692 1017 767 rrum
1045 692 1254 766 rnronrs
1276 662 1448 764 car'vr
1470 682 1739 775 Qvanrvn
1802 678 1805 685 ·

553 806 619 823 r..-
1379 790 1970 817 ...ι-ιιι--ι--υι-ιίι-ίὴ

556 850 592 913 in
608 843 791 913 doetrinam
808 842 991 911 naturalem
1004 840 1190 921 laudarent,
1230 864 1288 908 au·
1331 844 1380 909 ius
1393 837 1629 905 controuersiae
1646 838 1801 925 spellam,
1815 840 1927 990 ganeis
1941 858 1972 905 er

556 936 587 999 ci
601 953 709 999 tamen
721 930 821 1012 luere,
856 932 912 1018 qui
928 952 1032 997 vnum
1044 952 1083 998 ex
1101 928 1185 999 hisee
1198 864 1288 997 duci·
1332 930 1368 995 in
1382 926 1511 1013 institut.
1527 924 1617 993 theol.
1637 927 1774 1012 dogmat.
1790 924 1815 989 li
1836 929 1904 991 .11.
1927 946 1953 991 c.

557 1022 676 1085 busita
694 1017 858 1103 eligerent,
877 1033 913 1083 vt
928 1019 969 1082 ab
986 1021 1055 1084 eius
1070 1014 1289 1099 discederem
1332 1026 1367 1097 ς.
1383 1017 1529 1081 XLVIII.
1566 1014 1740 1098 ‚50'3.fiqq.
1785 1009 1822 1078 ld
1841 1020 1971 1078 tantuin

556 1100 749 1191 quibusdam
756 1104 880 1189 placitis
893 1105 1042 1190 religioni
1057 1101 1289 1172 sibiducerent.
1333 1122 1418 1182 mus,
1434 1119 1469 1167 vt
1486 1096 1519 1165 di
1556 1097 1896 1184 cultatibus‚quaehic
1911 1099 1972 1165 sev

556 1194 595 1257 ln
608 1192 728 1259 horum
746 1188 905 1258 referendi
920 1211 1092 1258 numerum
1111 1210 1290 1259 vomeru-
1356 1210 1395 1254 ue
1410 1188 1562 1268 offerunt,
1579 1187 1609 1254 se
1623 1183 1794 1273 expediret,
1813 1208 1937 1251 nouam
1959 1206 1972 1271 t

557 1298 846 1359 sensuruuvs,
865 1280 901 1342 in
919 1276 1115 1364 pbiosophia
1136 1276 1291 1357 naturali,
1334 1211 1411 1342 dam
1422 1278 1510 1341 viam
1519 1274 1691 1361 ingressum
1706 1273 1764 1339 else
1773 1294 1805 1339 e.
1815 1294 1847 1338 u.
1857 1294 1971 1340 urrani

557 1370 666 1452 inqua
680 1365 903 1450 utplurimum
919 1386 941 1430 a
951 1386 1108 1431 nssauu
1118 1386 1177 1432 vn
1187 1364 1293 1450 sequi·
1337 1360 1427 1441 dum,
1466 1364 1650 1447 potentiam
1678 1357 1852 1446 quamdam
1868 1360 1899 1426 se
1912 1382 1972 1426 nro

558 1469 622 1533 tur,
640 1474 692 1518 nu
715 1471 845 1530 sraru,
859 1455 896 1516 in
905 1450 1091 1537 phystologia
1106 1471 1190 1516 noua
1204 1469 1293 1536 expe·
1337 1451 1490 1515 materiae
1505 1446 1653 1534 denegari
1669 1469 1739 1513 non
1753 1446 1852 1534 polle,
1869 1444 1972 1513 existit

559 1538 729 1617 rr'mrnrali,
744 1558 893 1603 ruane.
910 1558 987 1603 aar
1000 1559 1059 1620 nr,
1075 1540 1112 1603 in
1127 1537 1294 1626 institutio·
1362 1555 1479 1602 uamue
1491 1537 1560 1601 vim
1576 1537 1728 1615 allium,
1745 1536 1921 1619 apotenrr'o
1933 1556 1972 1599 na

560 1626 652 1691 nibus
662 1623 810 1708 phystcae,
826 1625 954 1709 aliique.
1000 1625 1086 1691 Cum
1100 1626 1295 1691 autemCar·
1338 1558 1499 1703 lemnam,
1517 1619 1558 1688 ad
1583 1623 1728 1690 ellitauir.
1773 1620 1904 1687 Exstant
1915 1618 1972 1688 hae

562 1707 656 1777 tesius
679 1707 855 1776 secundum
886 1712 1046 1798 principia
1068 1710 1295 1778 mathematica
1337 1713 1426 1776 varia
1443 1711 1509 1775 eius
1525 1645 1764 1789 scllediasmara,
1782 1709 1898 1794 quibus
1920 1708 1972 1777 sen

562 1799 599 1865 de
613 1795 802 1863 mechanica
823 1794 1007 1864 dollrinarn
1024 1798 1207 1865 naturalem
1230 1814 1295 1863 tra·
1339 1817 1393 1863 am
1407 1796 1496 1862 suam
1510 1797 1697 1882 explicauit,
1712 1792 1891 1877 illustrauit,
1901 1816 1972 1862 con:

564 1885 738 1951 clarence
763 1880 840 1965 isset,
854 1904 954 1970 eaque
969 1887 1005 1951 in
1019 1906 1053 1953 re
1071 1886 1203 1970 plurimi
1227 1886 1295 1951 eius
1340 1886 1398 1963 uit,
1415 1886 1450 1948 in
1465 1885 1544 1949 allis
1560 1884 1706 1947 eruditor.
1723 1883 1802 1965 Llpfi
1813 1903 1868 1950 arr.
1882 1888 1965 1967 1694.

560 1971 687 2056 sequuti
700 1990 717 2037 e
742 1987 796 2035 ent
810 1970 959 2059 vestigia,
981 1992 1058 2039 usn.
1073 1990 1294 2038 uevrouvs
1341 1975 1445 2035 Mart.
1460 1971 1537 2035 item
1554 1992 1607 2034 an.
1621 1974 1697 2054 1695.
1710 1973 1802 2052 merfi
1816 1969 1917 2053 April
1930 1992 1972 2036 ne

566 2056 749 2123 consultum
759 2053 860 2139 duxit,
876 2061 1034 2144 principia
1050 2058 1165 2125 haecce
1173 2056 1297 2127 mathe·
1342 2060 1419 2141 1698·
1431 2058 1525 2140 meust
1536 2057 1699 2140 Septembr.
1712 2074 1829 2139 p.4e7.
1840 2057 1922 2140 seqq.
1965 2060 1972 2120 l

564 2147 693 2224 marica,
708 2163 849 2228 quorum
864 2146 901 2208 in
914 2142 1043 2231 physica
1059 2144 1130 2210 vsus
1142 2143 1297 2226 est,eolli-
1341 2142 1489 2211 instituto
1503 2164 1577 2209 eum
1592 2142 1742 2209 retirtauit
1756 2162 1906 2210 uvauuvt
1920 2160 1972 2208 an:

566 2249 651 2315 gere,
669 2250 770 2314 eaque
786 2233 846 2295 rite
866 2227 1094 2296 demonstrare.
1138 2232 1185 2297 Eo
1205 2251 1297 2296 naru-
1342 2234 1377 2296 in
1388 2228 1532 2315 dfferue.
1542 2228 1764 2314 phr'lostrphica,
1783 2231 1817 2292 r'rr
1829 2248 1892 2314 qua
1913 2248 1972 2293 ver

564 2336 628 2401 que
649 2318 716 2380 eius
731 2313 942 2402 philosophiae
967 2316 1126 2381 naturale}
1140 2318 1298 2404 princrpr'o
1333 2316 1473 2404 stantiae
1486 2315 1924 2400 notiorirrdicatrer,fimulque
1936 2334 1970 2380 co

565 2400 799 2482 mathematica,
817 2400 959 2471 londini
999 2406 1118 2469 timum
1137 2401 1297 2485 1687edi-
1342 2421 1396 2467 rur
1409 2404 1456 2468 ris
1475 2404 1592 2482 allino,
1610 2424 1632 2466 a
1652 2422 1685 2468 e.
1701 2423 1734 2468 o.
1747 2423 1778 2468 ι.
1797 2401 1923 2466 cullibet
1937 2403 1972 2483 sa

566 2505 612 2569 ra,
625 2506 811 2573 comparata
824 2488 908 2555 sunt.
973 2424 1113 2557 luerunt
1135 2492 1235 2557 etiarn
1262 2508 1301 2555 ex
1343 2492 1419 2569 riae,
1437 2505 1504 2553 ram
1517 2507 1679 2573 corporeae
1693 2488 1966 2573 quamspirituali,

566 2574 680 2661 angus
694 2576 875 2660 praecipue,
890 2577 946 2661 qui
961 2578 1029 2643 eius
1037 2577 1221 2662 exemplum
1227 2578 1302 2641 imi·
1344 2577 1455 2641 chriae
1466 2576 1624 2660 &ramiro
1636 2576 1802 2654 attributa,
1815 2594 1897 2660 quae
1915 2577 1972 2661 pr‘u

533 2734 537 2741 ,
564 2678 729 2737 tarentum
750 2658 803 2729 sed
815 2682 890 2726 eum
905 2663 949 2728 ob
969 2662 1177 2729 subtilitatem
1190 2682 1210 2729 a
1223 2683 1302 2747 pau·
1346 2663 1380 2727 in
1394 2661 1635 2749 deff-melonum
1646 2660 1925 2747 pbihfirphicarum
1932 2679 1972 2747 pe

568 2741 697 2814 cissimis
712 2750 952 2834 intelligeretur,
966 2769 1078 2815 nm.
1092 2769 1161 2815 rac.
1174 2754 1200 2814 ε’
1218 2768 1303 2815 cna·
1347 2749 1579 2834 Franecqurrae
1595 2766 1676 2830 1712
1692 2751 1727 2814 in
1742 2769 1775 2831 4.
1791 2746 1888 2815 edita.
1940 2749 1972 2814 Fr

570 2832 1305 2918 vrsiunephyficeseumenumrhemaricaax.
1347 2855 1424 2902 vero
1439 2836 1474 2902 dt
1490 2836 1555 2914 alii,
1570 2838 1637 2920 qui,
1663 2856 1737 2900 cum
1760 2835 1972 2921 intelligerent

563 2920 747 3005 perimentis
762 2921 956 3007 confirmata,
966 2920 1034 3006 fiere
1047 2922 1304 2988 introdullr'onem
1347 2921 1430 2988 solae
1458 2922 1544 3007 leges
1569 2920 1771 2988 mechanicas
1798 2922 1914 2988 cundla
1945 2942 1971 2988 n

569 3004 617 3071 all
621 3002 850 3093 philosophiam
865 3008 1304 3094 Nmronionem,euulgauit,
1349 3009 1575 3094 phaenomena
1590 3009 1740 3093 explicari
1757 3030 1827 3073 non
1846 3006 1946 3093 polle,

570 3094 663 3158 euius
678 3108 789 3159 tomus
808 3094 931 3178 primus
946 3091 1095 3181 lugduni
1109 3095 1305 3161 Batauorum
1349 3114 1494 3179 tamque,
1510 3094 1545 3161 &
1557 3110 1670 3159 contra
1690 3096 1864 3181 genuinam
1886 3096 1971 3161 eius‘

572 3195 661 3261 1720
674 3180 710 3243 in
721 3197 753 3259 4.
768 3176 900 3264 prodiit.
944 3179 1185 3247 Tradationem
1196 3196 1305 3246 tamen
1349 3201 1437 3258 nem,
1451 3182 1604 3247 materiae
1616 3178 1675 3264 ipsi
1689 3183 1757 3246 vim
1772 3178 1959 3266 quamdam,

569 3266 607 3329 in
622 3260 839 3414 hocce01pere
859 3259 917 3331 fini
936 3264 989 3331 seu
1004 3266 1116 3351 scopo,
1132 3287 1232 3354 quem
1249 3286 1305 3331 au·
1349 3263 1459 3345 uendi,
1478 3266 1585 3346 tribui,
1626 3287 1684 3333 uae
1696 3264 1972 3335 &adatheorumi

573 3349 647 3415 dior
662 3368 739 3434 prae
764 3350 879 3431 etulit,
896 3372 966 3417 non
985 3352 1113 3437 prorsus
1133 3350 1306 3440 responde·
1349 3370 1449 3419 tarem
1463 3350 1607 3419 stabilien
1649 3374 1682 3417 m
1697 3352 1788 3418 facile
1805 3352 1889 3419 trahi
1902 3372 1972 3441 potr

571 3454 619 3516 re,
627 3434 819 3521 quibusdam
827 3437 1033 3504 obseruatum
1041 3436 1085 3505 ell
1091 3463 1104 3520 ,·
1126 3462 1202 3507 cum
1211 3459 1304 3524 expe·
1350 3442 1467 3515 tentia,
1490 3439 1593 3505 rursus
1610 3437 1715 3506 eidem
1731 3440 1876 3507 atheismi
1893 3444 1972 3526 perit

573 3522 722 3588 timentis
737 3521 887 3608 equidem
901 3524 1016 3592 cundia
1031 3520 1213 3607 confirmet,
1231 3522 1305 3611 ipsis
1349 3545 1520 3611 exponere,
1533 3528 1599 3610 qui,
1616 3547 1750 3594 omnem
1768 3525 1955 3597 immediate

571 3628 649 3675 vero
665 3604 991 3678 demonstrationibus
1002 3614 1234 3679 Nevtonianis
1250 3633 1306 3698 pa·
1348 3608 1507 3701 proficisci
1522 3630 1662 3692 motum,
1682 3612 1903 3693 contendunt,
1925 3618 1972 3701 pn'

573 3715 648 3762 rum
664 3713 719 3761 aut
734 3692 817 3762 nihil
833 3698 912 3764 lutis
926 3696 1091 3765 adfirndat.
1136 3700 1223 3765 Cum
1230 3718 1307 3786 por·
1349 3697 1547 3784 umaliquod
1560 3698 1713 3780 adliuum,
1723 3697 1884 3767 diuersum
1900 3725 1919 3769 a
1934 3704 1972 3769 D

571 3801 613 3848 ro
628 3784 663 3849 in
672 3780 859 3850 mechanica
866 3786 921 3851 illa
937 3807 974 3850 ac
990 3784 1217 3853 mathematica
1224 3783 1307 3937 {ahy-
1350 3804 1390 3853 eo
1405 3799 1515 3851 tamen
1530 3783 1727 3870 dependens,
1744 3785 1972 3857 admittendun

573 3865 671 3937 sicam
695 3868 854 3938 tradlandi
874 3873 1003 3939 ratione
1022 3872 1138 3940 cunda
1159 3870 1201 3939 ad
1237 3892 1307 3959 eges
1350 3870 1587 3957 suemnr,quod
1602 3895 1656 3940 10.
1673 3895 1793 3941 narr.
1809 3897 1972 3945 nunno]

573 3976 684 4023 motus
700 3954 831 4024 redeant
857 3982 868 4034 ς
911 3955 951 4025 de
969 3958 1036 4044 ipsa
1056 3976 1167 4026 motus
1182 3962 1307 4046 origine
1350 3958 1506 4039 archetem,
1525 3981 1654 4027 uena.
1670 3980 1818 4043 nonus,
1828 3966 1972 4049 principa'

575 4047 681 4131 grauis
695 4061 803 4113 exorta
821 4044 866 4113 ell
880 4042 1064 4132 disputatio.
1129 4048 1175 4113 Ex
1189 4062 1305 4112 natura
1349 4044 1528 4126 larcbr'cum,
1543 4047 1598 4112 alii
1603 4049 1751 4134 spirirum
1762 4066 1908 4132 naturae,
1923 4053 1972 4119 ali

575 4133 666 4196 enim
680 4129 853 4218 indoleque
867 4134 1019 4199 materiae
1039 4153 1115 4200 curn
1129 4136 1157 4200 ia
1170 4130 1306 4199 deriuari
1350 4131 1586 4220 adpellitarunt.
1651 4137 1692 4201 Et
1714 4156 1926 4204 erenricus
1949 4158 1970 4226 q

576 4236 731 4301 nequeat,
754 4222 928 4287 extiterunt
942 4221 1093 4301 omnino,
1108 4222 1175 4307 qui,
1195 4242 1215 4286 a
1232 4221 1306 4287 Deo
1350 4240 1461 4288 eronus
1470 4222 1972 4310 princrpr'rrmsuumhylarchicm

576 4301 647 4386 ipso
656 4324 790 4373 omnem
798 4325 928 4373 motum
935 4304 1123 4374 immediate
1129 4302 1220 4389 effici,
1228 4327 1308 4372 con·
1351 4306 1485 4395 ipsemet
1492 4307 1641 4392 spirirum
1654 4327 1788 4375 naturae
1798 4330 1908 4393 vocat,
1923 4313 1959 4379 in

577 4385 767 4470 tenderent,·
789 4414 927 4480 eumque
944 4388 1144 4462 adeocaulfir
1159 4391 1305 4463 secundis
1351 4395 1432 4460 rr'dr'o
1453 4393 1661 4481 metaphysica,
1686 4397 1848 4480 inculcat,-
1870 4420 1972 4488 eumq

578 4482 714 4539 omnem
737 4478 850 4563 agendi
869 4483 938 4547 vim
961 4478 1170 4569 denegarent,
1197 4497 1306 4547 ortum
1352 4502 1605 4550 cunrsroen.
1632 4506 1847 4552 srvnnrrvs
1876 4508 1972 4553 nonn

579 4556 658 4627 hinc
672 4558 718 4629 est
731 4560 1307 4653 systema,quodvocarur,cauffarum
1351 4567 1554 4726 ogposuillet,
1570 4568 1785 4640 defensionem
1801 4576 1871 4641 eius
1887 4574 1972 4643 susce

579 4644 841 4757 occasionalium.
895 4654 1044 4743 Qpaead
1063 4652 1306 4735 mstonamhu·
1341 4657 1470 4744 scolr'ls
1483 4654 1737 4731 adamnanum
1748 4659 1972 4752 istudmeroplg

1917 4812 1926 4825 ,
1964 4776 1972 4818 l
