5259 5967
651 698 729 770 -DE
752 694 1293 777 PRO-PAEDEVMATIBVS
1316 704 1693 780 THEOLOGICIS.
1863 732 1930 800 υς

409 798 1121 837 m——h-
1520 815 1923 843 -—-···-—-—=

402 860 483 916 llas
499 850 536 913 in
546 849 821 912 exercitationibus
833 851 870 914 dt
884 850 991 938 lingua
1006 853 1142 935 primoe-
1183 870 1307 930 moeoo,
1323 852 1509 915 exercitati.
1520 873 1546 917 c.
1560 857 1616 917 XI.
1625 871 1659 936 p.
1672 852 1806 938 ὄψῃ.
1850 850 1920 940 Ad,-

404 932 656 1013 mexoneri.
669 939 753 998 VIII.
754 938 836 1020 soqq.
840 955 874 1020 p.
877 945 925 1021 po.
924 938 1008 1023 srqq.
1030 939 1141 1003 Enim·
1184 932 1345 1003 finitatem
1373 935 1522 1023 equidem
1550 935 1723 1023 quamdam
1750 942 1833 1006 inter
1855 938 1919 1005 liti·

405 1040 501 1100 uero,
521 1038 556 1084 vr
572 1021 638 1095 alia
653 1038 794 1103 taceam,
808 1024 859 1088 vel
871 1024 955 1090 solae
967 1026 1141 1089 nominum
1206 1045 1281 1089 uam
1298 1044 1492 1089 cananaeam
1509 1020 1918 1106 &ebraearninttrceffilsn

394 1108 620 1194 etymologiae
635 1105 819 1188 hominum,
834 1108 1140 1195 quiantediluuium
1185 1044 1273 1175 laud
1289 1112 1387 1175 inuiti
1403 1111 1554 1196 largimur
1568 1134 1578 1186 3
1598 1107 1673 1177 inde
1688 1121 1784 1190 vcro,
1798 1128 1918 1196 vtraut·

402 1198 570 1273 vixerunt,
583 1215 709 1278 quaeue
726 1195 833 1260 Moses
851 1218 888 1261 ex
903 1198 1013 1283 lingua
1028 1198 1141 1263 ebraea
1184 1218 1246 1283 que
1259 1216 1358 1261 vnam
1378 1197 1472 1281 plane
1489 1197 1698 1283 eamdemque
1714 1196 1821 1277 fuisse,
1837 1220 1918 1265 con·

406 1277 672 1360 diserte-deriuat,
692 1300 761 1346 rem
775 1300 861 1347 extra
874 1281 1143 1350 omnemdubita-
1185 1280 1311 1350 cludere
1334 1304 1402 1348 non
1422 1284 1505 1349 licet.
1571 1285 1778 1370 Praecipuum
1798 1302 1918 1365 autern,

400 1371 530 1437 tionem
551 1386 692 1453 ponunt.
737 1371 775 1435 ln
797 1390 1022 1456 quamcunque
1050 1390 1143 1436 nem·
1186 1367 1275 1456 quod
1289 1367 1383 1435 huius
1397 1371 1460 1436 loci
1478 1367 1539 1452 est,
1556 1369 1684 1456 qucdue
1706 1374 1821 1457 quinto
1841 1372 1918 1438 loco

393 1475 466 1543 .que
480 1454 511 1521 se
526 1473 658 1520 vertant
666 1475 801 1540 partem,
810 1459 865 1543 qui
886 1457 970 1523 secus
987 1456 1142 1531 sentiunt;
1184 1474 1307 1535 monet,
1316 1453 1379 1522 hoc
1388 1454 1440 1537 est,
1448 1459 1582 1544 inopem
1597 1458 1806 1543 elleliuguam
1814 1458 1920 1525 ebrae-

400 1542 484 1609 nihii
497 1538 591 1607 solidi
600 1538 641 1607 ad
649 1544 713 1609 hoc
720 1541 908 1628 respondere
923 1543 1064 1629 possunt.
1083 1543 1142 1609 Al·
1184 1566 1249 1624 arn,
1257 1546 1453 1630 ambiguam,
1467 1548 1499 1612 dt
1516 1567 1630 1630 parum
1647 1546 1837 1610 ablsraelitis
1848 1546 1916 1611 cul-

405 1648 532 1708 ttrum,
555 1626 645 1712 quod
659 1652 712 1697 no.
736 1651 961 1712 crearcvs,
979 1630 1017 1696 de
1033 1632 1141 1715 lingua
1184 1650 1252 1697 tam
1267 1629 1365 1696 fuisse.
1422 1631 1589 1698 Nimirum
1611 1633 1792 1718 linguarum
1807 1633 1916 1699 omni·

391 1720 515 1786 ¹ebraei
536 1712 700 1796 differens,
722 1714 855 1799 adserit,
878 1714 941 1798 est,
956 1720 1058 1783 varias
1079 1719 1141 1783 lin·
1185 1712 1355 1783 umlaudes
1363 1720 1396 1782 in
1406 1722 1504 1787 tribus
1520 1714 1718 1805 potiffimum
1733 1718 1826 1784 rebus
1842 1715 1915 1784 sitae

402 1826 481 1893 guas
493 1820 586 1868 natas
601 1823 639 1868 ex
654 1799 788 1869 humani
800 1807 923 1889 generis
938 1801 1141 1889 dispersione.
1185 1804 1255 1882 elle,
1271 1803 1430 1885 obseruat,
1443 1809 1538 1892 copia
1550 1804 1732 1872 didionum
1747 1805 1781 1871 dt
1794 1800 1915 1892 phrasi·

401 1891 442 1960 ld
455 1911 534 1958 vero
549 1887 624 1956 stira
631 1892 837 2044 intellipatur,
851 1889 942 1976 quod
949 1909 1019 1955 turn
1033 1892 1141 1976 lingua
1184 1913 1260 1971 um,
1286 1890 1508 1977 perspicuitate
1523 1895 1691 1973 orationis,
1705 1895 1836 1977 eiusque
1855 1888 1916 1956 ele·

403 1978 724 2067 quoqaebraeaenata
742 1975 1141 2052 itrabiisdemaudloribus
1184 1980 1304 2065 gantia,
1326 1981 1415 2045 cuius
1430 2003 1449 2046 a
1463 1980 1643 2047 rhetoribus
1656 2001 1796 2045 canones
1804 1976 1915 2044 descri-

401 2071 562 2145 reuertur,
577 2068 653 2149 qui,
677 2067 820 2150 linguam
838 2066 984 2131 ebraeam
1002 2066 1139 2149 primae·
1183 2067 1299 2130 bantur
1306 2090 1319 2144 ,⁴
1333 2064 1500 2133 hiscevero
1509 2069 1600 2134 rebus
1613 2066 1719 2133 multo
1734 2063 1914 2132 ebraicasu·

399 2176 478 2221 uam
485 2150 638 2231 statuunt,
648 2148 1138 2236 &iisdemquoquerationibur,
1181 2154 1321 2238 periotes
1334 2152 1393 2218 elle
1402 2155 1554 2241 plurimas
1562 2155 1703 2240 linguas,
1719 2152 1753 2220 ὅ(
1768 2168 1916 2241 graecam

397 2244 517 2329 quibus
539 2234 605 2304 hoc
627 2239 799 2324 probatur,
815 2238 976 2304 refellitur.
1019 2239 1138 2303 Nero·
1181 2235 1312 2325 quidem
1331 2260 1405 2323 prae
1433 2245 1572 2317 ceteris3
1598 2238 1743 2326 adeoque
1755 2239 1914 2315 ebraicam

402 2350 496 2396 mnes
515 2330 616 2392 etiarn
634 2323 825 2406 admittunt,
841 2322 912 2412 post
931 2327 1076 2412 gentium
1090 2319 1138 2389 di·
1180 2328 1380 2408 neutiquam,
1390 2349 1448 2393 reu
1457 2328 1714 2414 pulcherrimam,
1725 2320 1915 2408 iadlaripos·

382 2411 599 2504 .sptrfionem
627 2411 759 2479 demum
778 2412 960 2499 linguatum
975 2409 1138 2480 diuersita·
1180 2412 1221 2479 se.
1266 2411 1370 2497 Copia
1384 2412 1565 2483 didlionum
1589 2414 1811 2499 pannumque
1824 2405 1915 2494 quod

400 2521 469 2570 tem
482 2519 610 2574 orram3
632 2498 685 2565 sed
698 2501 851 2565 nonnulli
872 2503 1000 2586 potius,
1014 2503 1049 2565 in
1070 2502 1081 2563 i
1105 2495 1137 2563 sa
1179 2501 1288 2584 lingua
1314 2500 1425 2566 ebraea
1448 2500 1650 2583 destituatur,
1673 2501 1723 2567 vel
1737 2521 1774 2564 ex
1784 2498 1857 2583 ipsis
1873 2498 1912 2562 li-

399 2592 449 2659 lin
472 2606 589 2655 uarum
603 2580 789 2652 confusione
814 2608 916 2652 nouas
933 2583 1024 2652 simul
1047 2522 1135 2651 cilli-
1180 2588 1242 2653 bris
1254 2585 1356 2665 sacris,
1374 2586 1542 2673 lexicisque
1555 2586 1709 2667 constare,
1722 2602 1824 2669 putat.
1838 2584 1911 2649 Pri·

380 2678 484 2755 .tille,
498 2670 712 2741 contendunt.
755 2671 830 2739 Puse
842 2671 902 2739 hac
914 2672 953 2739 de
966 2695 999 2738 re
1013 2670 1136 2738 dietum
1178 2694 1262 2738 mrem
1277 2693 1357 2758 ergo,
1371 2675 1496 2758 inquit,
1509 2676 1688 2760 quicumque
1703 2673 1798 2736 libros
1805 2674 1911 2754 fircros

395 2760 647 2848 inbistomrclefi
654 2758 884 2846 aet.testotnent.
899 2776 974 2826 tom.
988 2764 1013 2824 I.
1023 2778 1092 2843 per.
1108 2761 1134 2822 1.
1178 2776 1294 2825 attente
1308 2760 1453 2846 legerint,
1468 2777 1525 2827 out
1541 2760 1637 2825 lexico
1656 2760 1779 2825 ebroico
1791 2756 1911 2821 eooloe·

389 2845 731 2936 fio.11.ad§...1x.p.
745 2869 801 2928 trs.
845 2846 1016 2913 Nonnulla
1022 2848 1071 2911 vir
1077 2842 1136 2911 do·
1178 2850 1254 2927 rint,
1267 2866 1370 2931 pauco
1383 2845 1434 2934 effe
1450 2848 1608 2930 vocabula,
1619 2843 1912 2932 paocafhepbroftp,

400 2930 555 3006 euffimus
570 2932 626 3001 hic
640 2930 789 3014 adsumit,
801 2956 884 3020 quae
903 2936 1038 2999 minime
1053 2924 1136 3018 post·
1178 2934 1436 2999 animaduerterit.
1480 2939 1627 3019 Perpetuo
1636 2955 1698 3000 non
1712 2933 1832 2997 eaedem
1851 2948 1911 2995 vo·

395 3041 432 3092 ta
453 3024 530 3093 -sunt
542 3040 631 3089 extra
650 3019 913 3087 controuerstam.
977 3021 1134 3100 Tertium,
1177 3042 1223 3085 ces
1234 3022 1418 3102 dumtaxat,
1423 3022 1480 3105 sod
1485 3022 1606 3086 eaedem
1619 3022 1713 3085 etiam
1733 3018 1910 3097 locutiones,

395 3109 488 3199 quod
514 3105 686 3189 adfirmat,
701 3106 998 3189 est,-Abrahamum
1027 3107 1135 3192 lingua
1172 3108 1352 3192 praesertim
1366 3109 1399 3172 in
1415 3107 1846 3195 otrishifloricis‚occorront.
1861 3103 1910 3168 Si·

394 3198 488 3265 esum
503 3193 672 3265 chaldaica
687 3241 697 3276 ,
714 3217 857 3281 quocum
873 3196 908 3262 &
923 3212 1073 3281 quartum
1088 3190 1135 3259 di-
1175 3194 1248 3260 mile
1257 3197 1451 3260 narrationis
1458 3195 1560 3282 filum,
1569 3194 1739 3279 parilisque
1758 3189 1917 3257 orationis·

394 3286 605 3371 scrutationis
618 3300 714 3368 caput
727 3281 940 3361 eoniundlum
955 3279 1015 3362 est,
1035 3280 1134 3346 ebrai-
1177 3281 1259 3346 color
1272 3282 1312 3352 ὅ
1316 3282 1430 3366 species
1449 3284 1554 3347 omnio
1569 3283 1725 3347 continent
1732 3280 1795 3351 &a
1810 3272 1910 3343 Caus-

394 3374 631 3458 ermfinguam
649 3368 737 3436 fiiille
753 3390 958 3435 cananaeam.
1001 3366 1070 3449 At,
1093 3361 1135 3431 ad
1176 3368 1243 3434 sam
1263 3364 1408 3454 deinceps
1418 3370 1550 3454 inopiae
1568 3368 1669 3437 huius.
1679 3365 1765 3434 hanc
1786 3359 1908 3431 reddit:

437 3464 443 3473 ’
469 3482 483 3527 s
497 3453 594 3545 quod
600 3459 726 3537 attinet,
735 3458 857 3522 licetiis
867 3461 904 3521 in
912 3457 1004 3531 locis,
1020 3457 1055 3518 in
1062 3455 1133 3539 qui·
1176 3459 1210 3521 Si
1223 3474 1409 3539 quaeramus
1429 3456 1559 3541 confflem
1573 3457 1697 3541 inopiae
1719 3454 1842 3540 linguae
1855 3447 1910 3515 ht·

395 3482 650 3623 mamam,
677 3547 861 3630 priusquam
877 3545 911 3607 in
929 3544 1133 3607 Cananaeatn
1176 3542 1312 3623 broicot,
1326 3535 1912 3635 trondomintmiemus,·quregllinoli·

382 3637 530 3715 -renirer,
542 3633 634 3711 vixit,
651 3630 789 3717 sequena
803 3648 908 3695 aetate
920 3631 1030 3715 lingua
1044 3626 1132 3693 chal-
1174 3630 1202 3693 is
1217 3628 1330 3714 linguis
1349 3629 1520 3711 obseruata.
1579 3628 1641 3692 Vbi
1659 3626 1849 3711 ,spernuntur
1860 3622 1910 3719 άτ-ι

376 3720 476 3789 daea
484 3726 521 3787 in
529 3719 585 3784 vsu
595 3718 688 3795 effeta
709 3710 1133 3800 nondumtamensequitur,
1166 3714 1299 3801 sciplina
1315 3717 1355 3786 ὅ
1368 3732 1462 3796 ortes,
1477 3718 1515 3787 θ’
1524 3733 1628 3798 pauca
1638 3712 1842 3795 scribuntur,
1863 3707 1910 3771 ibt
1957 3722 1959 3727 ·

395 3826 435 3875 vt
457 3810 503 3873 ibi
529 3823 676 3890 tempore
693 3802 888 3883 Abrahanu,
911 3803 946 3870 dr
960 3800 1131 3870 infantilia
1175 3798 1280 3888 nectffe
1292 3798 1389 3890 tjlff
1392 3802 1536 3887 plurimis
1548 3803 1582 3867 io
1598 3800 1688 3866 rebus
1693 3797 1848 3882 fitmmom
1855 3811 1910 3892 po·

384 3892 531 3980 .quidem
541 3894 644 3973 liberi,
663 3891 758 3959 fuerit
771 3909 911 3976 recepta.
977 3891 1015 3955 ln
1030 3891 1130 3955 altero
1174 3889 1352 3954 cabalorum
1361 3892 1547 3974 penuriam
1568 3909 1664 3974 neque
1678 3886 1759 3952 enim
1779 3896 1909 3978 nomota

399 3983 533 4065 capite,
553 3984 694 4065 lurguatn
715 3981 863 4045 ebraeam
882 3974 1030 4044 eamdem
1041 3970 1131 4042 fuiffe
1172 3978 1375 4061 imponuntur
1387 3995 1444 4041 aut
1458 3977 1564 4057 rebus,
1579 3991 1637 4041 aot
1652 3973 1753 4039 aniani
1772 3969 1909 4068 notiom-

397 4090 479 4135 cum
499 4086 676 4147 cananaea,
700 4064 934 4133 consentientes
970 4059 1129 4149 equidem,
1172 4063 1241 4142 ltus,
1256 4060 1745 4148 dequibosnumqoambominer
1758 4067 1908 4144 cogitent,

392 4174 455 4223 aut
467 4175 655 4241 praeeuntes
673 4152 729 4219 fi‘ni
749 4153 846 4220 habet
859 4153 969 4239 magni
987 4150 1130 4216 nominis
1172 4171 1345 4234 numquam
1379 4150 1550 4235 disputant,
1579 4166 1747 4232 numquam
1756 4141 1909 4228 scribunt.

390 4248 572 4311 virosior.
605 4260 879 4307 §CALIGERVM
895 4285 905 4319 ,
935 4259 987 4304 ru
997 4260 1019 4304 ο
1030 4259 1059 4303 ro
1069 4255 1127 4302 nra
1173 4236 1313 4321 Exempli
1327 4233 1437 4323 cauffo,
1451 4240 1497 4302 ita
1506 4238 1617 4321 pergit,
1631 4250 1799 4320 antequam
1809 4233 1906 4330 (iret-

393 4350 635 4397 nrreurvu,
659 4348 777 4393 arra.
800 4348 897 4394 nnn.
929 4344 1131 4404 uvrrrvu,
1173 4326 1202 4388 ci
1220 4321 1445 4409 philosttpbr'om
1464 4324 1624 4408 diligenter
1643 4321 1789 4402 colerent,
1814 4334 1908 4382 innu-

389 4417 557 4505 aliosque3
581 4409 773 4501 neutiquam
785 4432 895 4480 tamen
915 4407 980 4479 hoe
1005 4415 1051 4478 ita
1063 4412 1130 4477 eui·
1172 4428 1369 4491 morturani,
1385 4411 1544 4495 dequibus
1556 4406 1768 4476 hominernon
1790 4405 1907 4491 cogita·

387 4502 481 4573 'etum
501 4504 558 4586 cll,
574 4522 611 4570 vt
625 4496 665 4568 de
687 4525 727 4568 eo
748 4498 891 4568 dubitare
913 4522 985 4567 non
1016 4499 1129 4576 liceat,
1173 4515 1258 4578 rone,
1274 4499 1314 4570 (5
1326 4499 1437 4583 quihus
1457 4497 1662 4582 exprimendis
1680 4493 1834 4581 defurffrnt
1854 4506 1907 4591 po·

413 4596 468 4659 uin
482 4594 570 4660 secus
587 4592 620 4657 se
646 4611 714 4656 rem
729 4583 866 4669 hibere,
881 4584 981 4654 solide
995 4583 1130 4654 demon·
1173 4583 1301 4665 rabodo,
1313 4582 1372 4670 nist
1386 4578 1604 4673 fillafuifflnt.
1668 4582 1753 4650 torm
1780 4591 1908 4729 corrupit

448 4684 497 4753 uit
510 4698 659 4753 erran.
675 4695 763 4746 non
778 4674 886 4759 ru‘vs,
901 4670 941 4747 de
952 4674 1130 4765 lingoaprt'·
1171 4673 1392 4831 lutroinpom
1404 4674 1544 4762 primum
1563 4672 1600 4744 dt
1617 4670 1708 4746 rebor
1720 4666 1857 4759 philosop
1880 4684 1910 4817 ti

696 4780 702 4786 ·
1361 4774 1383 4832 2
1865 4770 1891 4818 ct
