5259 5967
917 724 981 801 DE
1011 724 1330 797 THEOLOGIA
1358 726 1676 799 SYMBOLICA.
2001 752 2064 822 395

551 896 593 941 nt
605 872 681 959 pius
697 892 793 959 quam
805 872 975 957 sexaginta
993 869 1200 956 symbolorum
1225 871 1289 940 &a
1335 868 1374 936 de
1403 873 1470 937 eius
1492 892 1622 959 quoque
1643 870 1791 940 dodlrina
1810 876 1938 961 publica
1961 892 2063 943 certus

531 1020 536 1027 .
556 958 613 1049 (de‘
627 980 692 1047 qua
705 978 783 1024 mox
794 959 887 1044 plura
902 954 1059 1040 dicemus)
1075 975 1110 1042 p.
1130 961 1193 1040 164.
1236 952 1289 1021 Ad
1335 956 1394 1024 else
1407 954 1530 1039 debeat,
1545 959 1635 1044 saepe
1659 962 1757 1027 etiam
1771 983 1808 1026 ea
1830 957 2064 1045 confirmanda,

555 1048 651 1116 vsum
665 1048 775 1133 itaque
787 1048 879 1111 vocis
892 1043 987 1111 huius
1005 1042 1028 1113 sr
1044 1038 1199 1123 attendas,
1208 1040 1292 1130 sym·
1340 1045 1375 1113 bc
1396 1064 1509 1110 contra
1529 1042 1777 1113 dissentientium
1799 1047 1932 1115 insultus
1958 1046 2066 1118 desen·

557 1136 716 1203 bolarum
732 1132 939 1199 &librorum
957 1131 1211 1219 symbolicorum
1231 1151 1296 1195 no·
1339 1127 1444 1197 denda
1467 1129 1537 1199 lint.
1601 1134 1847 1201 Haereticorum
1868 1154 1987 1217 autem,
2008 1157 2065 1205 eo-

558 1225 649 1289 mine
667 1216 830 1287 eiusmodi
846 1217 959 1305 scripta
980 1222 1128 1298 veniunt,
1151 1237 1234 1303 quae
1253 1216 1294 1281 ab
1340 1238 1475 1303 rumque
1492 1221 1654 1300 omnium,
1674 1224 1731 1307 qui
1743 1243 1762 1286 a
1776 1224 1916 1288 veritatis
1938 1225 2067 1290 tramite

557 1302 688 1379 ecclelia
702 1306 810 1393 aliqua
824 1308 870 1372 ita
888 1324 1013 1391 recepta
1027 1305 1111 1384 sunt,
1126 1319 1161 1369 vt
1175 1324 1231 1387 per
1247 1323 1295 1383 ea,
1340 1305 1471 1385 abeunt,
1487 1305 1644 1392 symbola,
1659 1306 1693 1377 bc
1706 1329 1788 1393 quae
1800 1312 1881 1375 iniis
1896 1312 2065 1376 continen.

561 1392 810 1473 &desirium
840 1395 875 1458 in
898 1394 960 1458 illis
975 1388 1256 1479 comprehensam,
1277 1410 1295 1455 a
1340 1409 1403 1473 tur,
1428 1389 1589 1477 dogmata,
1611 1394 1773 1480 perspebla
1795 1398 1987 1483 cognitaque
2009 1396 2066 1463 ha-

559 1484 691 1569 reliquis
718 1481 862 1549 coetibus
882 1480 916 1547 ὅ(
932 1477 1078 1558 ecclesiis,
1101 1480 1294 1565 quibuscum
1338 1481 1412 1545 bere
1428 1495 1574 1564 oportet,
1617 1498 1653 1545 vt
1671 1503 1711 1549 eo
1725 1481 1842 1549 fedius
1863 1504 1900 1550 ea
1926 1481 2067 1551 refellere

561 1571 752 1656 ceteroquin
765 1566 942 1635 consentire
952 1564 1053 1634 videri
1071 1581 1211 1652 poterat,
1233 1562 1296 1631 dis·
1338 1586 1503 1653 queamus,
1518 1588 1553 1631 ac
1566 1570 1765 1655 impugnare.
1831 1571 1959 1637 Veteres
1980 1569 2068 1657 sym-

562 1657 651 1725 cerni
666 1656 745 1724 velit
759 1676 796 1721 ac
812 1656 956 1741 separari.
999 1675 1043 1720 ro.
1066 1674 1170 1720 nsua.
1197 1672 1295 1718 uor-
1338 1653 1414 1719 bola
1440 1656 1537 1719 etiarn
1563 1660 1800 1729 ostensionum,
1814 1673 1909 1737 ateias,
1930 1658 2067 1743 regulam
2103 1728 2105 1733 ¹

564 1767 588 1811 τ
601 1763 788 1810 russeus
803 1740 950 1827 equidem
963 1736 1019 1806 sub
1037 1739 1134 1807 hacce
1147 1760 1226 1805 voce
1240 1736 1294 1804 de-
1331 1741 1408 1829 fidet'
1428 1742 1597 1820 vocabant,
1628 1741 1903 1828 quemadmodum
1929 1742 1963 1809 ὅ(
1982 1742 2066 1829 apud

563 1846 650 1899 creta
663 1830 850 1896 &canones
874 1825 1100 1913 synodorum,
1127 1820 1295 1892 confelho·
1340 1848 1401 1893 nos
1414 1824 1575 1893 interdum
1591 1830 1741 1895 librorum
1757 1831 1945 1894 normalinm
1959 1834 2068 1896 nomi-

563 1940 633 1997 nes,
648 1916 868 1996 catechismos,
882 1917 1037 2000 liturgias,
1051 1915 1230 2000 apologias,
1240 1933 1295 1997 pa·
1340 1936 1381 1980 ne
1403 1916 1549 1979 veniunt.
1599 1914 1697 1999 Apud
1724 1918 1864 1983 Graecos
1885 1916 2068 1985 smbolum

564 2001 719 2086 linodias,
755 2000 997 2088 disputationes,
1039 1998 1104 2069 srue
1134 1999 1295 2085 colloquia
1340 1997 1413 2068 fidei
1430 2001 1581 2071 &uisura
1600 2000 1734 2083 dissum,
1749 2026 1799 2083 eo,
1815 2026 1881 2088 quo
1920 2002 2066 2073 catechu-

565 2088 835 2178 consprehendit,
867 2086 1077 2154 bibliothecas.
1101 2087 1297 2173 quadripart.
1341 2086 1990 2164 menorumelset3illiusmodisvmbolum
1999 2113 2067 2157 me·

566 2178 623 2245 lib.
640 2181 697 2243 III.
710 2199 736 2244 c.
749 2181 775 2242 I.
789 2196 822 2261 p.
829 2196 896 2259 5²5·
941 2172 1002 2241 Sed
1022 2176 1139 2241 hmites
1159 2176 1237 2252 eius,
1249 2170 1297 2235 vl·
1341 2177 1464 2241 moriae
1476 2170 1618 2261 infigere,
1634 2175 1781 2243 obseruas
1796 2168 2067 2259 usuavarssrvs,

566 2282 616 2333 tra
631 2286 730 2350 quam
745 2262 816 2328 vsus
835 2264 1004 2348 permittit,
1021 2258 1150 2346 profert.
1207 2260 1298 2324 Con·
1341 2258 1382 2327 ad
1398 2260 1531 2325 Socratis
1545 2260 1648 2345 histor.
1660 2264 1756 2346 eccstfi
1769 2264 1824 2349 bb,
1841 2271 1865 2329 I.
1889 2287 1914 2329 c.
1934 2269 2021 2330 VIII.
2035 2284 2067 2347 p.

567 2345 715 2420 fesfiones
731 2352 829 2428 enim,
844 2349 929 2414 hunc
944 2352 977 2414 in
1002 2345 1101 2414 linem
1124 2348 1297 2411 concinna·
1341 2370 1382 2412 m.
1392 2349 1419 2413 6.
1428 2344 1500 2413 add.
1510 2369 1553 2415 10.
1564 2370 1745 2416 urania
1756 2372 2068 2427 munemusch,

567 2458 632 2517 tae,
646 2455 682 2505 vt
693 2437 748 2503 alii
770 2434 808 2503 de
829 2433 988 2515 dodana,
1009 2452 1065 2500 aut
1086 2436 1223 2520 integrae
1247 2451 1296 2497 ee·
1343 2432 1381 2501 de
1402 2432 1539 2519 reliquiis
1552 2452 1689 2520 papatus
1712 2437 1842 2522 scelestae
1872 2434 2068 2503 lutheranae

571 2523 692 2605 elesrae,
715 2540 770 2589 aut
798 2520 996 2608 singulorum
1017 2520 1201 2599 homiuum,
1223 2520 1299 2585 certi
1342 2538 1452 2586 ttmtre
1475 2522 1606 2609 adfiibt's,
1627 2543 1653 2589 c.
1674 2527 1733 2590 III.
1751 2532 1781 2608 §.
1801 2525 1873 2590 IIII.
1882 2542 1915 2608 p.
1922 2544 1973 2607 55.
2018 2523 2069 2589 De

569 2610 756 2689 reddantur,
781 2607 805 2675 ss
824 2612 955 2694 proprie
983 2609 1018 2675 ὅ(
1038 2605 1186 2673 adcurate
1206 2606 1299 2692 loqui
1342 2608 1518 2692 corporibus
1536 2609 1704 2691 dosbrinat,
1727 2631 1794 2695 quo
1814 2612 1949 2676 nomine
1970 2610 2069 2677 inter-

569 2701 660 2777 veiis,
696 2695 900 2762 hoctantum
920 2715 1043 2759 nomen
1059 2709 1298 2779 promerentur3
1343 2692 1420 2761 dum
1435 2693 1656 2779 symbolorum
1677 2697 1882 2764 collectiones
1903 2693 2067 2783 designatr-
2106 2758 2111 2765 .

570 2782 754 2852 catechismi
767 2804 844 2847 veto
863 2800 933 2846 tum
949 2778 1089 2860 demum,
1110 2778 1181 2846 siin
1201 2778 1298 2844 libro·
1343 2800 1407 2862 tur,
1422 2783 1456 2845 in
1472 2780 1671 2865 sequentibus
1686 2785 1781 2849 verbu
1802 2785 1965 2850 faciemus.
2009 2783 2071 2846 Hi·

571 2870 1084 2959 rurnsymbolicorumnumerum
1101 2864 1160 2932 srnt
1171 2866 1298 2947 recepti.
1343 2867 1457 2935 storias
1493 2867 1673 2955 theologiae
1713 2870 1936 2956 symbolicae,
1979 2872 2068 2934 noti-

573 2962 623 3027 Ex
636 2960 764 3042 reliquis
784 2954 999 3035 catechismis,
1015 2957 1156 3039 itemque
1175 2954 1299 3018 cantio·
1343 2956 1469 3039 tiaeque
1489 2954 1717 3040 symbolorum,
1742 2958 1776 3022 dc
1792 2957 1992 3041 scriptorum,
2005 2953 2068 3021 huc

574 3048 671 3113 nibus
685 3042 739 3108 vsu
753 3046 894 3127 receptis,
909 3040 1055 3127 liturgiis,
1072 3042 1107 3108 be
1127 3038 1224 3125 siqua
1238 3037 1299 3102 alia
1342 3041 1565 3127 speblantium,
1599 3038 1849 3127 comparandae,
1895 3060 1996 3107 taeter
2014 3062 2071 3105 au·

574 3134 647 3201 sunt
662 3128 800 3198 eiusdem
814 3132 945 3215 generis,
985 3130 1057 3193 licet
1070 3144 1242 3211 utcumque
1259 3121 1299 3190 de
1346 3130 1458 3202 stores,
1471 3129 1525 3211 qui
1544 3132 1720 3211 generatim
1735 3129 1832 3194 libros
1848 3064 1893 3194 ad
1909 3126 2070 3213 theologi·

574 3218 727 3289 dontius
750 3218 877 3302 publica
905 3212 1061 3282 iudicium
1091 3214 1164 3279 serti
1189 3226 1301 3297 queat3
1346 3236 1411 3293 am,
1449 3207 1646 3301 singulasque
1672 3217 1737 3281 eius
1762 3234 1866 3301 partes
1883 3214 2071 3301 spectantes,

574 3306 632 3373 vsu
646 3324 758 3372 tamen
772 3318 932 3387 receptum
946 3322 1016 3366 non
1030 3298 1087 3380 est,
1108 3318 1144 3365 vt
1158 3296 1303 3384 symbola
1346 3298 1524 3381 recensent,
1560 3300 1753 3387 inseruiunt,
1787 3305 1843 3388 qui
1870 3299 1907 3367 de
1927 3301 2072 3366 conciliis
2158 3302 2163 3312 '

533 3446 543 3458 .
575 3396 631 3461 seu
644 3392 718 3458 libri
730 3389 908 3476 symbolici,
923 3384 1129 3472 adpellentur.
1173 3384 1302 3469 lnsym·
1347 3401 1456 3473 agunt,
1474 3407 1650 3474 eorumque
1672 3386 1837 3454 historiam
1860 3386 1991 3455 tradunt
1999 3411 2009 3465 ς
2034 3384 2073 3453 de

575 3482 663 3549 bolis
676 3480 782 3564 igitur,
795 3493 890 3560 atque
904 3476 991 3539 libris
1013 3472 1204 3560 symbolicis,
1227 3488 1303 3536 cum
1347 3474 1462 3625 quibus
1474 3472 1531 3537 suo
1546 3472 1621 3537 loco
1636 3469 1787 3539 dicemus.
1833 3476 1898 3556 Qui
1913 3472 1951 3539 de
1965 3472 2074 3537 haere·

531 3638 539 3645 ,
579 3566 734 3655 dogmata
753 3558 827 3629 fidei
847 3563 1085 3639 contineantur,
1122 3577 1204 3643 quae
1225 3552 1303 3621 haec
1359 3562 1428 3624 rbus
1443 3580 1478 3635 aq
1499 3556 1662 3623 haereticis
1678 3579 1856 3643 exponunt,
1893 3556 2004 3624 itidem
2024 3560 2073 3621 in·

579 3649 776 3730 considerat,
812 3647 978 3733 theologia
991 3644 1158 3732 symbolica
1179 3640 1304 3708 dicitur.
1348 3642 1474 3711 terdum
1495 3642 1664 3728 quaedam,
1693 3665 1774 3729 quae
1794 3644 1947 3731 symbolis
1970 3645 2075 3708 lucem

577 3742 703 3813 Nesea
718 3757 807 3803 mens
825 3730 932 3800 noslra
951 3729 1003 3812 est,
1038 3729 1126 3817 quod
1141 3730 1251 3796 omnia
1272 3731 1306 3792 in
1349 3726 1721 3817 adsundunt,attirrgunt.
1769 3730 1829 3798 Sed
1843 3733 1887 3809 dc,
1900 3732 1955 3817 qui
1976 3730 2075 3794 libros

581 3828 728 3919 quolibet
743 3822 891 3910 symbolo
905 3815 978 3884 fidei
994 3815 1144 3904 dogmata
1160 3836 1306 3900 compre-
1349 3816 1546 3905 symbolicos
1562 3814 1740 3899 ediderunt,
1759 3817 1900 3897 subinde,
1937 3836 2019 3901 quae
2034 3812 2075 3879 ad

578 3912 773 3990 hendantur,
789 3926 843 3974 aut
857 3902 1036 3992 quaerenda
1057 3902 1128 3969 srnt.
1179 3903 1308 3987 Experi—
1352 3900 1520 3973 historiam
1547 3904 1678 3969 illorum
1696 3903 1835 3986 faciunt,
1872 3904 2075 3989 praemittere

582 4006 682 4081 entia,
717 3997 801 4063 secus
815 3995 845 4061 se
859 4016 924 4060 rem
939 3990 1063 4071 habere,
1093 3988 1197 4056 docet.
1263 3990 1308 4053 Ea
1352 4008 1408 4056 aut
1443 3989 1625 4056 subnedlere
1659 3991 1777 4065 solent3
1811 4012 1892 4076 quos
1924 3986 2075 4073 deinceps

578 4092 683 4167 'enirm
700 4099 861 4170 quotquot
877 4098 930 4145 aut
944 4098 1163 4165 quaecumque
1179 4073 1308 4141 demum
1353 4077 1689 4145 commemorabimus.
1732 4097 1889 4146 rossana.
1902 4075 2076 4142 aus'rrorvs

584 4168 660 4256 first,
674 4193 755 4258 quae
770 4173 806 4235 in
829 4168 980 4254 symbolis
1001 4168 1210 4231 inueniuntur
1230 4159 1309 4246 dog·
1352 4163 1519 4250 copiosum
1557 4161 1778 4251 symbolorum
1820 4164 2077 4250 scriptorumque

581 4258 685 4342 mata,
701 4257 865 4341 theologia
880 4252 1053 4339 symbolica
1062 4250 1309 4335 contemplatur.
1352 4250 1600 4316 smbolicorum
1622 4248 1761 4317 indicem
1780 4248 1924 4330 exhibet,
1961 4247 2077 4316 iutbe·

585 4349 686 4437 quue
701 4364 770 4410 tum
785 4341 823 4407 de
840 4337 980 4407 ecclesiae
997 4334 1204 4415 orthodoxae,
1228 4338 1309 4400 eius·
1344 4274 1433 4421 dur.
1447 4335 1581 4402 chronol.
1596 4358 1621 4404 c.
1636 4340 1783 4403 XXXIII.
1828 4354 2078 4406 summussos!

586 4432 842 4527 quedoslorum,
856 4444 925 4492 tum
941 4420 1309 4506 dehaereticorunrsym·
1357 4446 1439 4505 rire,
1474 4425 1510 4487 in
1531 4423 1713 4489 bibliotheca
1723 4426 1907 4508 scriptorum
1930 4420 2078 4505 ecclestojs.
2122 4500 2125 4507 Ι

585 4512 981 4601 lrolisestintelligendum.
1015 4511 1202 4593 Qraeenim
1211 4507 1313 4574 inillis
1357 4509 1485 4597 singulis
1506 4509 1634 4575 saeculis
1655 4510 1775 4576 indices
1790 4510 2011 4597 symbolorum
2026 4508 2079 4573 seu

584 4608 708 4680 exstant
720 4604 881 4690 dogmata,
896 4594 1215 4685 cognoscendasunt5
1238 4614 1313 4660 cum
1358 4596 1568 4662 formularum
1615 4597 1755 4662 subiecit.
1832 4596 1938 4667 Exstat
1983 4597 2080 4658 etiam

585 4697 731 4788 quirigat,
744 4690 799 4779 qui
814 4683 959 4759 ecclesiae
977 4703 1072 4755 verae
1098 4679 1240 4750 addidbus
1257 4678 1313 4761 est,
1357 4705 1503 4836 baurg.
1515 4682 1814 4837 pqsrrrrffnopfis
1825 4680 2082 4833 bijioriaeacofdo·

1592 4789 1611 4835 2
1992 4784 2080 4830 arnae
