5259 5967
730 712 797 783 ΒΕ
818 710 1137 783 THEOLOGIA
1158 709 1392 781 THETICh
1416 711 1508 782 SEV
1531 710 1873 787 DOGMATICA.
1986 732 2066 806 -385

1070 816 1277 832 unu-na.-
1312 814 1576 829 -nss—-m
1579 816 1791 829 ·········
1794 816 2034 839 ..ι-Ἅ-

599 810 1067 839 *u-——u-m-
1285 822 1288 827 .

550 856 783 945 perspicerent,
810 848 850 917 de
868 852 930 916 alia
959 845 1128 929 methodo,
1149 870 1231 934 quae
1255 846 1296 913 ad
1340 869 1393 914 aem
1403 850 1783 941 personoeum‚innegotio
1793 854 2070 931 fialatishamanae

554 940 706 1011 ordinem
720 934 814 1025 ipsius
838 937 1007 1023 scripturae
1029 936 1130 1003 sacrae
1163 938 1295 1023 propius
1340 936 1428 1000 litote
1444 941 1499 1017 Vl,
1515 939 1626 1022 qraibar
1640 945 1785 1025 uniuersa
1799 946 1969 1026 refiomata
1975 945 2068 1029 fides,

552 1027 731 1108 accederet,
766 1025 853 1092 suere
880 1023 1017 1091 solliciti.
1084 1024 1294 1109 Praecipuum
1337 1043 1373 1086 ex
1389 1025 1479 1089 certis
1488 1027 1662 1109 principiis,
1682 1049 1813 1113 congruo
1834 1051 1916 1094 nexu
1935 1032 2067 1114 explica-

554 1120 640 1185 inter
652 1113 748 1180 hosce
769 1114 881 1177 locum
903 1128 990 1177 tenet
1007 1131 1057 1175 10.
1079 1131 1291 1190 coecatus,
1336 1125 1398 1189 tter,
1407 1112 1629 1199 dmonstratae
1638 1134 1676 1177 ac
1686 1116 1881 1198 1111111115
1925 1116 2066 1187 Traiedli

554 1224 649 1291 quem
667 1199 700 1267 id
716 1200 820 1285 egisse,
835 1216 870 1264 vt
889 1196 1175 1265 ascholaslicorum
1199 1218 1291 1263 com·
1335 1196 1376 1262 ad
1389 1195 1539 1263 Rhenum
1558 1204 1653 1280 1682,
1674 1220 1724 1269 12.
1768 1206 1886 1269 Seriem
1896 1206 2064 1285 nimirum,

552 1291 686 1370 mentis,
704 1288 923 1371 terminisque,
946 1284 1148 1372 theologiam
1175 1306 1290 1371 purga-

554 1392 615 1461 r'et,
629 1376 725 1462 supra
738 1377 804 1439 iam
817 1373 1069 1439 obseruauimus.
1115 1368 1205 1438 Idem
1212 1392 1289 1457 por·

554 1484 605 1545 ro,
621 1484 699 1530 cum
723 1463 956 1527 oeconomiam
977 1458 1140 1525 foederum
1162 1457 1290 1525 diuino-

1335 1283 1546 1371 ordinemque
1571 1284 1763 1375 dogmatum
1790 1290 1990 1376 theologiae,
2027 1310 2065 1359 ex

1332 1375 1527 1438 oeconomia
1560 1376 1677 1459 gratiae
1711 1378 1809 1442 trium
1836 1375 2065 1443 sacro-sandiae

1335 1460 1483 1525 trinitatis
1509 1460 1728 1545 personarum,
1748 1464 1783 1528 in
1801 1466 1935 1553 negotio
1956 1462 2063 1529 salutis

553 1572 628 1621 rum
648 1571 709 1635 pro
726 1546 938 1615 fundamento
953 1545 1136 1632 theologiae
1154 1548 1289 1633 exegeti·
1333 1542 1459 1612 nostrae
1472 1565 1714 1633 occupatarum,
1732 1544 1875 1617 deriuare
1896 1548 2062 1627 adnititure

556 1660 610 1707 cae
624 1651 778 1725 ponereta
801 1636 971 1714 intellexit,
981 1630 1288 1719 dogmaticamquo·
1333 1631 1937 1720 reiicitqueadeosententiamillorum,
1952 1636 2062 1725 quise·

555 1747 617 1814 que
637 1723 835 1809 theologiam
856 1720 968 1789 eadem
1004 1724 1130 1787 ratione
1159 1720 1286 1788 trauan
1331 1717 1475 1787 cundum
1496 1725 1725 1789 oeconomiam
1744 1722 1910 1791 foederum
1931 1722 2062 1792 diurno·

555 1812 659 1901 posse..
720 1812 861 1895 Eiusque
884 1811 929 1875 rei
951 1807 1112 1892 specimen
1138 1803 1226 1873 dedit
1249 1811 1286 1874 in
1330 1828 1403 1873 rum
1416 1806 1616 1894 theologiam
1636 1810 1792 1887 traftant3
1819 1810 1916 1879 idue
1942 1813 2061 1898 partim

548 1904 672 1987 summa
688 1898 848 1964 deliriooe
860 1896 898 1959 de
902 1896 1030 1979 foeelere
1051 1897 1090 1965 θ’
1102 1893 1288 1980 calamentis
1332 1892 1419 1973 ideo,
1437 1891 1527 1981 quod
1540 1916 1577 1960 er
1593 1893 1652 1963 hac
1667 1900 1817 1963 omnium
1831 1832 1905 1965 fidei
1917 1901 2062 1985 capitum

556 1987 630 2067 Dei,
669 1982 709 2052 de
731 2005 794 2070 qua
816 1981 928 2049 itidem
945 1982 1038 2067 supra
1059 1983 1124 2046 iam
1139 1978 1287 2047 diximus.
1332 1978 1565 2049 demonstratio
1581 2004 1650 2049 non
1664 1998 1731 2049 tam
1745 1985 1919 2052 commode
1934 1982 2058 2054 institui

556 2074 634 2143 Huc
656 2074 755 2140 etiam
775 2088 963 2157 comparata
999 2065 1043 2134 est
1063 2065 1236 2134 dissertatio
1250 2064 1288 2133 de
1355 2087 1437 2149 ueat,
1457 2090 1545 2136 acer
1558 2068 1630 2146 illae
1652 2074 1770 2157 partim
1783 2070 1872 2159 quod
1884 2075 1920 2138 in
1935 2070 2061 2143 metho-

557 2161 733 2229 oeconomia
744 2158 864 2236 diuina,
880 2177 978 2243 quam
994 2153 1195 2221 moderatore
1210 2176 1287 2221 con·
1331 2090 1375 2221 do
1389 2153 1540 2224 foederali
1555 2160 1750 2225 oeconomia
1761 2158 2059 2227 sacro-sanilaetri-

558 2239 1287 2328 flifluscoccrioinacadcmiaLugdunensi
1332 2245 1443 2308 nitatis
1467 2243 1679 2330 supponatur,
1706 2248 1826 2333 quippe
1845 2250 1879 2313 in
1894 2267 1957 2335 qua
1980 2244 2060 2312 haee

559 2358 611 2403 an.
629 2337 735 2414 1662,
775 2328 976 2397 eruditorum
1000 2332 1138 2395 examini
1156 2350 1285 2395 111111.
1328 2335 1700 2413 aeaaomeeeiaiaeaawgtua
1722 2331 1945 2401 manifestetur.
1987 2331 2059 2398 Ali·

559 2441 721 2489 itoecms
747 2417 900 2504 exposuit.
966 2416 1104 2482 Fuerunt
1124 2413 1284 2501 equidem,
1329 2438 1383 2483 am
1399 2416 1502 2482 rursus
1518 2420 1605 2484 viam
1620 2418 1770 2505 ingressus
1785 2418 2058 2487 estnennmve

559 2512 720 2597 quiantea
741 2502 905 2572 foederum
931 2500 1121 2572 diuinorum
1146 2506 1285 2568 mentio·
1329 2526 1402 2584 sius,
1418 2505 1622 2570 tumeraliis
1640 2506 1776 2592 scriptis,
1791 2522 1861 2571 tum
1875 2504 2055 2593 exsystemo·

559 2592 798 2667 nemfacerenta
821 2593 941 2678 primus
959 2607 1067 2656 tamen
1084 2610 1285 2656 cocceius
1329 2608 1360 2656 te
1380 2589 1548 2675 theologiae
1565 2591 1666 2676 pleno,
1690 2590 1839 2679 Lugduni
1860 2592 2070 2659 Batauorum·

560 2684 683 2753 hancce
696 2678 877 2747 doctrinam
891 2679 934 2743 ita
949 2677 1100 2757 excoluit,
1120 2692 1155 2743 vt
1175 2676 1286 2744 secun·
1333 2681 1418 2759 1694
1437 2674 1534 2755 edito,
1558 2696 1665 2745 notus.
1711 2680 1896 2746 Cocceianis
1917 2698 2059 2765 namque

561 2770 640 2839 dum
652 2788 723 2834 eam
737 2769 786 2831 int
824 2761 1035 2850 rumaliquod
1048 2762 1229 2850 theologiae
1235 2784 1287 2830 ex·
1330 2765 1404 2830 licet
1417 2767 1603 2849 ceteroquin
1615 2764 1720 2832 faueat
1734 2764 1979 2855 hypothesibus3
2000 2787 2058 2831 na·

559 2856 638 2931 strui
651 2852 754 2941 posset
768 2853 810 2941 syl
827 2873 907 2919 ema.
974 2853 1105 2935 Sequuti
1121 2850 1197 2917 hinc
1221 2853 1287 2915 eius
1332 2850 1425 2915 mrali
1446 2866 1554 2915 tamen
1579 2868 1649 2915 tum
1670 2850 1799 2917 demum
1815 2851 1871 2918 silo
1883 2854 1912 2918 se
1927 2851 2059 2940 systema

558 2941 744 3027 exetnplum
758 2939 830 3005 sunt
847 2941 881 3005 &
896 2940 962 3019 alii,
984 2958 1124 3023 quorum
1144 2936 1288 3001 nonnul·
1331 2932 1463 3022 aliquod
1478 2934 1694 3021 theologicum
1714 2938 1932 3019 conditurum,
1954 2934 2057 3005 existi-

559 3032 612 3097 los
621 3030 714 3114 supra
728 3029 793 3093 iam
813 3024 1025 3093 indicauimus
1031 3068 1043 3104 ,
1066 3044 1141 3088 cum
1162 3020 1288 3089 theolo·
1331 3025 1445 3102 mauit,
1459 3020 1483 3089 sr
1496 3022 1694 3103 molitionem,
1713 3043 1799 3109 opus,
1822 3025 1855 3090 te
1869 3023 2058 3107 fiabbatbum

560 3136 680 3207 gotum
693 3112 884 3180 reformatae
898 3107 1042 3177 ecelesiae
1055 3106 1220 3194 systemata
1240 3128 1288 3175 re-
1332 3111 1405 3189 Dei,
1422 3107 1620 3175 tractationis
1639 3110 1711 3176 suae
1730 3110 1920 3198 cynosuram
1940 3107 2060 3177 consti-

560 3202 776 3271 censeremusa
799 3198 913 3284 quibus
927 3193 1031 3261 adhuc
1052 3193 1213 3262 addendus
1237 3216 1289 3261 io.
1333 3213 1448 3274 rueret,
1462 3197 1658 3283 Numenque
1679 3196 1860 3283 supremum
1880 3200 1915 3263 in
1939 3196 2061 3263 moliti-

564 3306 794 3363 nttavuivs,
812 3286 903 3349 cuius
918 3284 1058 3348 doetrinae
1062 3283 1235 3364 foederum,
1246 3281 1290 3365 fi·
1334 3283 1462 3362 onibus,
1499 3302 1537 3348 er
1568 3284 1676 3369 abysso
1697 3288 1890 3351 aeternitatis
1909 3282 1949 3350 ad
1973 3298 2058 3350 extra

561 3373 735 3463 mfistem
747 3370 914 3456 theologiae
926 3366 1291 3439 didaiiicaeffllenchei·
1334 3389 1562 3454 prommpens,
1577 3368 1690 3436 dehinc
1706 3373 1862 3457 inopere,
1885 3392 1966 3459 quae
1986 3392 2059 3435 mo-

563 3454 629 3545 cae',
645 3460 806 3547 perspicua
821 3459 855 3525 &
870 3455 953 3521 facili
966 3451 1124 3521 methodo
1139 3475 1192 3519 an.
1208 3457 1288 3530 1688
1334 3455 1429 3521 litum
1442 3472 1535 3520 antea
1552 3454 1662 3535 fuerat,
1679 3457 1859 3544 exsequens,
1876 3480 1912 3523 ac
1928 3455 2061 3525 tandem

563 3546 698 3640 prodiit,
719 3544 862 3611 recusum
885 3538 1118 3608 Amstelodami
1141 3543 1238 3622 1691,
1258 3556 1291 3622 4.
1337 3562 1435 3629 opere
1450 3542 1542 3606 omni
1556 3542 1711 3621 absoluto,
1729 3540 1815 3609 &ad
1837 3545 1911 3608 colo
1937 3542 2061 3609 honem

563 3647 1166 3714 hermannusquoquevirsrvs,
1199 3629 1236 3693 in
1256 3626 1295 3691 ti-
1336 3627 1471 3715 dignum
1492 3623 1658 3713 perdudlo,
1679 3627 1837 3709 feriatum,
1857 3566 2062 3696 causamen-

565 3724 634 3791 lm's
666 3734 780 3785 uatuor
793 3717 829 3780 de
849 3717 1023 3781 oeconomia
1041 3714 1205 3799 foederum
1232 3710 1295 3779 Dei
1338 3735 1401 3804 que
1416 3713 1578 3780 celebrans
1599 3710 1851 3783 decentishmum
1866 3736 1903 3780 ac
1924 3708 2061 3782 beatiffi·

568 3742 973 3890 cmhominiburquorum
984 3798 1084 3867 editio
1092 3800 1298 3867 tertial'raie·
1339 3822 1450 3881 mum,
1486 3803 1613 3866 intento
1634 3804 1738 3870 ubiuis
1765 3801 1863 3868 oculo
1883 3800 2063 3888 respiceret.

569 3898 614 3967 &i
625 3892 665 3963 ad
678 3890 829 3959 Rhenum
848 3912 900 3955 an.
916 3892 1012 3970 1694,
1027 3908 1060 3970 4.
1081 3888 1189 3955 lucem
1202 3884 1296 3965 vidit,
1340 3889 1444 3953 Voces
1464 3892 1650 3974 ceteroquin
1666 3910 1704 3956 ex
1719 3885 1978 3955 scholasticorum
1991 3886 2064 3953 fon·

567 3986 718 4073 pleraque
731 3976 894 4044 doctrinae
915 3974 1016 4040 sacrae
1038 3978 1142 4059 capita
1163 3977 1208 4039 ita
1233 3995 1296 4038 rra·
1340 3974 1424 4041 tibus
1444 3976 1557 4060 peritas
1584 3973 1669 4041 idem
1689 3975 1815 4061 respuit,
1834 3976 1996 4060 planoque
2014 3970 2063 4038 di·

569 4070 646 4149 stat,
662 4086 698 4133 vt
713 4087 773 4152 pro
788 4063 952 4150 systemate
967 4059 1111 4147 quodam
1136 4061 1297 4145 theologi·
1342 4057 1437 4127 cendi
1451 4081 1566 4145 genere
1587 4062 1703 4128 cuneta
1723 4060 1868 4129 edisserit.
1912 4057 2064 4127 foedera

569 4178 613 4227 eo
627 4155 766 4241 reputari
784 4166 911 4236 queant.
979 4148 1058 4215 Non
1080 4149 1231 4213 omnibus
1252 4166 1299 4212 ta·
1341 4147 1406 4214 lem
1430 4142 1621 4213 methodum
1649 4168 1686 4215 ex
1713 4145 1905 4215 nostratibus
1938 4146 2063 4214 calculo

569 4266 648 4313 men
664 4237 807 4307 eiusdem
822 4232 967 4303 ecclesiae
981 4230 1169 4302 dodoribus
1184 4232 1298 4299 haecce
1341 4234 1399 4300 suo
1420 4230 1611 4319 adprobauit
1631 4255 1721 4302 sau.
1742 4252 2064 4311 rvrruoonrrvs,

571 4324 747 4399 methodus
763 4326 892 4409 placuit.
935 4338 1300 4387 matemautensem
1343 4323 1462 4407 quippe
1474 4322 1530 4406 qui
1546 4342 1581 4385 ea
1592 4321 1664 4388 vsus
1678 4320 1721 4389 est
1735 4325 1770 4388 in
1783 4320 1965 4405 iarefeciali
1983 4319 2064 4385 diui-

645 4438 679 4481 m
692 4412 843 4499 professus
858 4408 914 4489 est,
936 4429 992 4473 eos
1004 4404 1060 4474 sibi
1074 4428 1142 4473 non
1159 4408 1299 4492 probari,
1344 4429 1395 4486 no,
1401 4411 1457 4491 seu
1470 4409 1686 4473 exercitatione
1694 4407 1867 4495 posthuma,
1881 4410 1919 4472 de
1931 4407 2066 4491 consinsit

571 4508 630 4609 qul
642 4520 777 4570 omnem
797 4496 995 4580 theologiam
1009 4492 1050 4560 ad
1071 4496 1301 4559 oeconomiam
1346 4496 1385 4565 θ’
1402 4492 1524 4578 diffinsu
1538 4494 1784 4581 protestantium,
1806 4496 1948 4563 Lubeeae
1970 4497 2065 4574 1695,

569 4589 742 4660 foederum
757 4588 818 4649 Dei
833 4579 1003 4648 reducunt.
1069 4580 1177 4646 Aliam
1192 4584 1301 4665 itaque
1348 4591 1379 4656 ε.
1422 4579 1499 4662 Quo
1514 4582 1549 4643 in
1561 4603 1659 4667 opere
1672 4579 1725 4647 etsi
1741 4579 1774 4647 id
1792 4585 1960 4669 praecipue
1983 4596 2067 4665 agat,

568 4684 660 4749 viam
673 4670 822 4760 ingressus
838 4666 893 4749 est,
908 4663 1001 4738 editis
1013 4666 1230 4736 deotconomia
1243 4666 1302 4731 tri·
1346 4686 1382 4735 vt
1394 4662 1551 4747 ostendat,
1590 4688 1656 4755 quo
1685 4689 1793 4757 vsque,
1811 4671 1846 4739 &
1858 4690 1922 4756 qua
1941 4671 2068 4733 ratione

680 4780 757 4833 avo.
776 4776 909 4828 rsaooe.
1434 4751 1526 4822 cce
1961 4764 2069 4839 prote-
