5259 5967
551 699 616 773 382
831 676 973 745 LIBRI
1003 670 1348 745 POSTERIORIS
1377 670 1551 739 CAPVT
1573 670 1789 741 PRIMVM

559 844 755 899 auectus,
777 822 929 907 illyricus,
957 820 994 883 in
1015 816 1153 899 catalago
1180 814 1300 901 testium
1342 820 1393 905 gia
1405 819 1445 883 ab
1462 820 1499 883 iis
1518 832 1750 903 repurgaretur,
1768 832 1944 901 optarentt
1966 818 2134 885 etiam

559 913 717 989 ueritatis,
733 907 881 973 linares.
900 926 934 989 p.
946 925 1015 988 479.
1030 906 1088 991 qui
1110 904 1146 969 dc
1165 899 1299 969 subinde
1341 900 1384 971 ad
1396 917 1431 985 p.
1447 904 1674 990 praecedentem
1690 898 1874 983 docuimus,
1896 902 1949 969 vbi
1972 902 2134 991 speci..-

561 994 909 1083 alia,huespedtantia,
924 990 1062 1058 exhibet.
1105 987 1223 1056 Eundo
1236 1012 1293 1055 au·
1337 994 1419 1057 atim
1428 988 1467 1057 de
1480 1014 1509 1057 ra
1521 1014 1539 1057 a
1549 1012 1568 1059 ι
1579 1012 1641 1059 cu.
1657 1011 1771 1057 cano
1785 988 1915 1076 copiose
1923 986 2134 1057 diximus..-

559 1104 626 1153 tem
634 1079 946 1171 peromniasaecula,
965 1099 1063 1165 esque
1084 1074 1125 1143 ad
1144 1073 1289 1143 eeclefiae
1336 1075 1424 1146 Addi
1450 1078 1498 1147 his
1519 1074 2134 1155 adhucdebetrnocanranamafl

560 1169 832 1248 emendationem,
859 1163 1020 1235 eiusmodi
1040 1168 1179 1231 veritatis
1206 1162 1291 1231 testi·
1360 1188 1432 1233 uem
1447 1168 1480 1231 in
1495 1167 1577 1231 libro
1597 1162 1637 1233 de
1668 1164 1816 1247 eneilfina
1832 1184 1895 1229 non
1911 1166 2071 1229 retinenda
2104 1180 2134 1211 ¹

559 1262 672 1327 monia
693 1258 823 1342 collegit
850 1276 915 1321 an.
937 1272 1289 1331 rutanscnovrvs,
1333 1188 1616 1321 dcholasticosexi
1666 1248 2070 1339 itutoimpugnalsemon·
2108 1286 2134 1301 -

500 1372 504 1379 ·
561 1334 604 1415 de
618 1344 793 1413 aenariam
804 1340 1003 1427 scholasticis,
1027 1361 1051 1403 c.
1074 1344 1144 1405 Vll.
1161 1358 1195 1423 p.
1209 1358 1291 1423 544.
1334 1340 1415 1408 nulli
1437 1341 1615 1408 obseruant.
1682 1341 1848 1407 Nimirum
1865 1334 2069 1407 scholasticos
2111 1352 2134 1394 ἐ

551 1436 640 1521 seqq.
686 1426 938 1517 Adrepurgnae
956 1422 1138 1493 ecclelraesi
1158 1422 1289 1491 acceda·
1332 1430 1380 1497 sui
1397 1432 1552 1514 temporis
1570 1450 1646 1494 curn
1660 1426 1918 1513 carpocratianis
1934 1427 1969 1495 &
1985 1424 2071 1495 Tlre-
2102 1457 2134 1471 -

559 1543 633 1589 mus
649 1536 805 1604 tempora,
819 1516 1006 1599 cumprimis
1028 1511 1088 1579 sese
1107 1510 1200 1577 offert
1223 1534 1290 1579 ur·
1332 1512 1496 1584 odotianis
1512 1512 1675 1583 haereticis
1694 1513 1831 1595 confert,
1869 1515 1904 1583 dc
1924 1534 1988 1580 non
2011 1514 2070 1579 ηἰ-
2104 1540 2134 1561 -

559 1630 635 1674 srn.
650 1624 842 1672 enasnsvs
857 1596 1148 1679 Rotetodamensrs,
1169 1601 1225 1685 qui
1239 1602 1288 1665 in·
1332 1624 1403 1684 nas,
1419 1605 1536 1753 inquit,
1552 1602 1683 1687 faciant
1702 1602 1853 1683 moderni,
1875 1602 1932 1689 qai
1951 1600 2069 1684 deme,
2124 1638 2134 1655 .

561 1694 655 1781 tegris
668 1692 756 1757 libris
775 1686 838 1753 hoc
866 1689 940 1773 egit,
967 1706 1003 1751 vt
1029 1683 1289 1753 scholasticorum
1331 1688 1464 1777 Aristaee
1484 1692 1564 1754 'non
1578 1688 1629 1775 effe
1646 1689 1929 1768 contradicendum,
1941 1706 2069 1774 prepter
2129 1702 2134 1713 ’

561 1803 600 1848 ac
608 1774 847 1845 monachorum
865 1772 1031 1842 stultitiam
1041 1776 1103 1840 toti
1122 1774 1194 1839 orbi
1207 1768 1289 1839 deti·
1331 1777 1416 1865 qaod
1432 1776 1584 1841 lllelcbior
1605 1780 1709 1841 Canus
1734 1776 1838 1841 iratus
1859 1776 1931 1841 ait:
1953 1774 2070 1841 babent
2129 1784 2134 1797 “

562 1863 704 1934 dendant
719 1864 917 1949 propinaret.
960 1863 1084 1947 Scripta
1103 1863 1188 1943 eius,
1206 1880 1290 1947 quae
1332 1862 1531 1953 Aristotelem
1540 1882 1599 1947 pro
1619 1860 1748 1951 Christo,
1761 1866 1931 1929 Aamoe'm
1941 1880 2001 1947 pre
2015 1864 2071 1929 ee.
2126 1892 2134 1903 ·

561 1954 628 2023 huc
641 1950 794 2037 spectant,
809 1946 931 2015 indicat
946 1970 1040 2017 ruo.
1056 1949 1290 2027 caeninam
1331 1970 1394 2035 ero,
1407 1950 1621 2017 Alexandrum
1634 1966 1693 2034 pro
1717 1950 1834 2029 Paula,
1855 1948 1972 2037 quest.
1991 1952 2018 2017 1.
2059 1993 2071 2016 .

559 2057 643 2108 notes
663 2036 703 2104 ad
726 2037 880 2102 Gabrielis
907 2037 1052 2102 Naadaei
1070 2039 1235 2121 patagma
1254 2034 1292 2097 de
1332 2050 1375 2117 15.
1420 2038 1529 2123 Quam
1543 2039 1649 2103 irritus
1662 2056 1740 2103 vero
1752 2034 1884 2103 illorum
1904 2036 2000 2103 labor
2054 2072 2070 2089 ·

550 2126 656 2217 stadio
674 2124 805 2203 liberali,
823 2143 857 2208 p·
875 2130 938 2205 625·
982 2124 1020 2188 ln
1040 2122 1170 2209 epistolis
1191 2123 1290 2205 obstu-
1334 2128 1404 2204 erit,
1421 2128 1476 2210 qui
1493 2128 1528 2191 in
1544 2144 1678 2189 romana
1697 2119 1825 2191 ecelesia
1846 2144 1885 2190 ex
1903 2120 2070 2211 theologia

559 2234 668 2281 rorum
684 2212 836 2291 virorum,
848 2232 929 2296 quae
942 2210 1041 2295 vulgo
1057 2229 1134 2277 vnn
1148 2230 1218 2276 rco
1241 2228 1291 2274 an
1333 2208 1596 2279 scholasticorum
1614 2211 1727 2278 eiicere
1772 2210 1936 2297 uisquilias
1959 2210 2068 2279 eonati

560 2319 735 2369 nurture
756 2298 950 2377 tribuuntur,
969 2293 1083 2362 itidem
1103 2294 1283 2363 monacho·
1332 2299 1427 2374 sunt3
1456 2300 1711 2383 recentioresque
1733 2297 1761 2363 sc
1786 2293 1935 2365 olallicos
1956 2298 2070 2365 veteri·

558 2410 633 2456 tum
660 2388 778 2473 pariter
810 2378 1126 2451 ac·scholallicorum
1144 2385 1285 2470 ineptiae
1329 2388 1387 2451 bus
1405 2407 1476 2452 non
1490 2386 1630 2451 multum
1647 2384 1804 2466 meliores,
1823 2386 1859 2450 in
1872 2382 2069 2471 quibusdam

556 2471 664 2561 lepide
680 2468 942 2559 perstringuntur.
985 2474 1030 2537 At
1045 2468 1206 2536 seriorem
1222 2471 1285 2555 egit
1329 2475 1468 2540 omnino
1490 2469 1661 2538 deteriores
1676 2470 1746 2550 else,
1768 2471 1863 2557 supra
1876 2474 1945 2539 iarn
1961 2470 2070 2541 osten·

557 2584 587 2631 n.-
604 2582 731 2626 maur.
752 2577 965 2626 uvrufinvs
985 2554 1102 2637 noller,
1125 2555 1285 2641 theologi·
1328 2556 1451 2634 dimus,
1473 2554 1624 2641 idemque
1643 2553 1817 2624 confirmat
1835 2578 1946 2627 noua
1959 2576 2069 2626 tenes

557 2668 612 2713 arn
634 2642 958 2711 illamscholasticam
978 2643 1190 2729 ignorantiam
1205 2641 1285 2707 neri·
1328 2664 1543 2725 nanterus,
1560 2644 1612 2709 lib.
1635 2647 1678 2710 Π.
1695 2644 1776 2731 epist.
1797 2648 1892 2711 XLV.
1914 2642 2067 2713 Laudant

556 2735 645 2812 eatis,
660 2734 700 2803 θ’
710 2734 835 2795 inanem
839 2730 1007 2813 fallaciam
1019 2726 1219 2815 adpellitans,
1250 2726 1285 2795 ὅ(
1327 2727 1460 2818 quidem
1480 2731 1630 2797 nonnulli
1648 2727 1849 2803 scholasticos
1872 2732 1917 2799 ob
1940 2734 2069 2819 ingeni·

557 2815 691 2887 subinde
704 2819 904 2902 impietatem
922 2837 961 2881 ae
982 2812 1147 2882 stultitiam
1165 2812 1285 2879 horum
1327 2838 1398 2899 um,
1419 2818 1454 2886 ὅτ
1475 2814 1680 2884 subtilitatem
1699 2820 1734 2883 in
1749 2818 1887 2895 ‚illorum
1911 2820 2067 2905 operibus

557 2906 735 2975 hominum
748 2904 1071 2988 aetitetimpugnans.
1115 2898 1284 2970 pruneius
1326 2900 1538 2984 admirantur,
1556 2923 1590 2969 vt
1607 2924 1653 2970 ro.
1667 2925 1768 2985 rrcvs,
1786 2912 1892 2973 nr'srn.
1908 2924 2070 2985 enastrvs,

557 3012 676 3063 eontra
694 2987 893 3077 theologiam
912 2984 1132 3057 scholasticam
1151 2985 1285 3075 diligen·
1326 2985 1616 3069 Roterodamensrs,
1637 3007 1711 3057 vtut
1739 2992 1816 3057 alias
1838 2994 1876 3057 iis
1896 2988 2062 3073 infensior,

557 3072 1284 3165 tercongessitro.ovtr.zrasonnvs,in
1328 3096 1578 3155 n.onor1vs,
1616 3076 1681 3143 alii.
1748 3078 1869 3145 Verum
1889 3078 1977 3147 redte
1997 3080 2062 3145 iam

560 3167 660 3231 libro:
700 3171 743 3227 D.
770 3163 897 3227 Marna
929 3160 1062 3228 luthere
1082 3157 1285 3247 euangeliscbe
1330 3184 1477 3231 raanc.
1501 3183 1608 3229 neco
1634 3182 1684 3230 ns
1711 3184 1960 3232 vnnvnauro
1988 3185 2065 3251 pro-

558 3249 887 3335 Aaffnranterangzar
901 3246 993 3309 Liebe
1011 3247 1197 3321 aufferret
1212 3250 1287 3310 Get·
1331 3252 1505 3330 nuntiauit,
1528 3270 1719 3315 aranearum
1742 3249 1817 3316 telas
1840 3252 1883 3317 ob
1905 3251 2063 3319 subtilita-

546 3354 624 3414 m,
646 3334 760 3399 witder
775 3335 834 3397 dat
847 3330 1288 3417 Arqlotebscb-Scbalastische
1330 3356 1398 3403 tem
1412 3332 1525 3402 itidem
1541 3333 1743 3402 admirandas
1763 3335 1834 3415 elle,
1851 3337 2062 3423 quaenihilo·

565 3417 800 3506 Christenebum,
812 3417 975 3504 inscripto,
985 3415 1135 3505 editoque
1146 3421 1287 3503 Statgar·
1331 3422 1428 3489 secius
1440 3425 1481 3490 ab
1497 3423 1659 3502 omnibus,
1680 3440 1715 3486 vt
1735 3426 1936 3508 quisquiliae,
1955 3446 2062 3492 temo·

563 3507 634 3577 diae
650 3524 747 3587 1700,
762 3526 794 3589 4.
816 3502 950 3572 addatur
967 3524 1015 3573 an
1026 3526 1055 3570 n.
1069 3526 1204 3572 eauov
1215 3526 1287 3584 ivs,
1331 3528 1484 3589 ineantur,
1508 3509 1547 3577 de
1560 3509 1733 3596 augmentis
1742 3511 1902 3591 scientiar.
1924 3512 1979 3577 lib.
1993 3516 2063 3597 lp.

561 3598 598 3663 in
605 3594 720 3679 paedia
730 3591 859 3679 theolog.
872 3614 897 3658 c.
912 3596 968 3657 IX.
979 3612 1011 3678 p.
1020 3594 1179 3677 plenfi‘qq.
1225 3612 1287 3657 tv·
1332 3617 1371 3678 15.
1386 3603 1426 3664 16.
1439 3597 1535 3665 cui&
1549 3613 1666 3661 oasa.
1682 3617 1706 3660 n
1716 3615 1795 3662 svn
1807 3617 1901 3662 arvs
1912 3597 2064 3685 suffraga-

561 3702 675 3749 turno
699 3676 798 3747 adiun
821 3684 903 3746 imus
925 3700 1013 3746 eutr.
1034 3699 1288 3745 narancurrm·
1331 3686 1464 3770 tur,qui
1479 3678 1731 3834 iisdemspuibus
1745 3681 2063 3752 vanvr'anrrvsid

561 3791 650 3852 naar,
665 3770 720 3854 qui
730 3790 769 3853 pa
797 3765 1019 3851 rminscriptis,
1034 3766 1095 3829 suis
1104 3766 1290 3850 cumprimis
1333 3769 1419 3849 fecit,
1439 3770 1552 3849 verbis,
1569 3766 1601 3833 di
1627 3768 1763 3834 imulato
1784 3787 1892 3834 tamen
1913 3772 1981 3837 eius
2002 3792 2063 3837 no-

562 3858 639 3925 &in
647 3857 795 3921 oratione
804 3850 1233 3937 decarrigendisstndiis,quae
1241 3850 1292 3915 de·
1334 3858 1435 3935 mine,
1452 3857 1589 3939 ineptias
1602 3877 1640 3920 ac
1651 3875 1836 3921 commenta
1851 3855 1987 3923 istorum
2001 3859 2066 3926 ho·

561 3944 782 4027 clamationum
793 3943 860 4007 eius
866 3938 1048 4020 plenarum
1058 3954 1141 4002 tome
1150 3942 1175 4004 1.
1182 3957 1217 4022 p.
1218 3958 1291 4019 507.
1335 3944 1461 4007 minum
1478 3938 1666 4027 perstringit,
1682 3944 1715 4006 in
1722 3944 1918 4029 syntagmate
1943 3946 1982 4009 de
1995 3945 2064 4032 fla.

552 4032 637 4114 fiqq.
654 4028 765 4109 exstat,
781 4027 959 4093 barbariem
982 4027 1017 4093 &
1038 4026 1174 4111 ineptias
1195 4022 1287 4089 scho-
1330 4029 1381 4093 elio
1400 4028 1533 4108 liberali,
1551 4046 1584 4111 p.
1599 4036 1663 4113 aaa.
1685 4026 1762 4095 edit.
1785 4051 1879 4095 ruo.
1900 4052 2067 4101 carnit.

560 4116 745 4184 lasticorum
774 4112 950 4200 calligauit.
1015 4109 1104 4177 ldem
1140 4107 1286 4197 deinceps
1331 4118 1498 4182 Summam
1520 4117 1675 4179 nimirum
1697 4114 1902 4183 subtilitatem
1923 4120 1957 4182 in
1976 4119 2065 4185 sum-

561 4206 707 4268 certatim
723 4203 866 4269 fecerunt
878 4200 932 4265 alii
945 4195 1287 4283 exnostratibus,quo-
1331 4222 1420 4267 nram
1439 4199 1529 4286 saepe
1550 4203 1635 4267 abire
1657 4198 1834 4284 stultitiam,
1863 4202 2067 4289 sisapietrtia

560 4288 633 4353 rum
654 4288 787 4373 longum
809 4283 985 4372 producere
1013 4284 1136 4372 pollem
1161 4304 1287 4370 agnten,
1331 4286 1479 4355 dnenrix
1498 4308 1567 4351 non
1593 4286 1735 4369 accedat,
1763 4290 1855 4376 supra
1876 4287 2066 4362 docuimus.

562 4370 620 4439 nili
634 4372 668 4439 id
689 4376 754 4436 iam
769 4372 886 4440 fecill‘et
906 4394 998 4439 ruo.
1019 4370 1287 4451 enutrientem
1330 4376 1381 4455 Et,
1395 4371 1435 4439 ad
1448 4376 1614 4461 ingenium
1625 4373 1715 4459 quod
1730 4380 1854 4457 attinet,
1870 4377 1954 4445 reete
1965 4399 2018 4446 an
2029 4400 2067 4449 Α.

562 4476 637 4525 ante
658 4460 763 4539 citata,
778 4479 811 4544 p.
823 4461 886 4541 625.
953 4460 1089 4526 Fuerunt
1103 4479 1180 4525 vero
1193 4459 1290 4523 etiam
1332 4483 1694 4542 rnrnnrcuovrvs,
1722 4461 1940 4549 ingenioſsffnna
1963 4488 2066 4550 quae.

560 4549 597 4613 in
611 4543 677 4630 ipsa
692 4565 825 4611 romana
842 4542 981 4626 ecclesia,
1009 4548 1065 4632 qui
1085 4542 1289 4613 scholastico·
1331 4568 1400 4636 que,
1417 4550 1531 4634 inquit,
1538 4548 1571 4633 ſs
1578 4550 1619 4613 ab
1633 4550 1686 4631 vsa
1696 4546 1853 4615 bominum
1865 4553 2067 4637 remetastnt,

556 4652 633 4703 sum
646 4633 782 4723 ineptias
796 4652 888 4722 aegre
904 4631 1034 4719 ferrem,
1055 4634 1092 4707 de
1108 4650 1143 4705 vt
1161 4631 1289 4707 tlreolo·
1331 4636 1493 4709 Sehmene
1507 4637 1617 4719 radice,
1630 4638 1754 4706 vanitas
1759 4639 1848 4725 stant,
1862 4640 1901 4710 es
1912 4638 2066 4812 Jfflinio

732 4740 735 4748 '
1762 4740 1766 4750 '
1929 4730 2067 4816 peritas,
