5259 5967
452 668 456 675 ¹
561 742 626 818 318
890 722 1027 791 LIBRI
1051 720 1393 793 POSTERIORIS
1422 721 1594 791 ChPVT
1620 722 1837 792 PRIMVM

563 876 615 951 ni,
633 872 667 939 dt
682 864 859 935 Araulicani
875 865 1003 934 secundi
1024 871 1204 937 canonibus
1217 890 1295 935 con·
1340 892 1385 937 ca
1395 892 1460 951 va,
1474 867 1542 956 hist.
1550 867 1682 937 litterar.
1689 868 1834 955 scriptor.
1843 867 1938 951 eccltfi
1941 867 2026 956 saec.
2042 836 2083 939 7.

562 958 718 1027 sarcinat
739 957 913 1024 &intexta
935 952 1052 1037 videri,
1074 954 1167 1024 docet
1189 978 1295 1029 ovis..
1336 975 1370 1042 p.
1385 958 1449 1024 266.

675 1098 703 1171 ς.
731 1080 830 1157 Vlll.
857 1080 1010 1157 Saeculo
1023 1079 1127 1157 sexto
1140 1076 1375 1184 philosophia
1399 1078 1648 1171 Aristotelica,
1669 1078 1710 1153 in
1732 1074 1877 1153 ecclelia
1899 1076 2081 1155 occiden-

562 1182 627 1262 tah
648 1179 776 1257 sensim
796 1204 865 1281 per
887 1204 1083 1257 nnrcrvn
1117 1202 1328 1255 unnttvu
1370 1203 1657 1267 ronovatur
1691 1200 1945 1253 sevanrnvn
1977 1200 2077 1253 soa-

561 1305 712 1361 'rutvn
726 1277 934 1370 introduci,
950 1277 1143 1379 smulque,
1155 1276 1415 1354 accedentibus
1427 1276 1466 1355 dt
1479 1276 1553 1357 aliis
1567 1274 1707 1368 caussis,
1725 1275 1781 1350 via
1789 1272 1833 1351 ad
1847 1274 2078 1377 theologiam

561 1380 587 1460 s
603 1374 1067 1459 stematico-scholasticam
1080 1376 1192 1477 magis
1205 1374 1343 1455 muniri
1357 1378 1493 1481 coepit.
1520 1384 1535 1417 *
1565 1378 1608 1451 ln
1629 1372 1799 1450 orientali
1820 1394 1941 1449 autem
1956 1375 2078 1451 eccle·

623 1500 742 1558 roan.
765 1498 1082 1566 ontrnsctnvs,
1095 1472 1236 1551 saeculo
1253 1472 1404 1569 octauo,
1421 1501 1500 1551 eam
1511 1472 1687 1558 trallandi
1701 1472 1975 1573 theologiamin
2003 1470 2074 1555 res·

489 1600 494 1609 '
564 1578 624 1659 sus
651 1576 703 1651 est
722 1574 923 1663 rationem,
943 1598 1035 1675 quae
1055 1572 1100 1648 ad
1125 1570 1338 1650 scholastico
1353 1622 1369 1635 ·
1384 1573 1643 1673 systematicam
1670 1570 1841 1674 proxime
1869 1598 1954 1649 acce
1982 1593 2074 1667 eret,

562 1698 750 1785 quamque
763 1671 939 1773 deinceps
952 1670 1121 1773 plerique
1134 1671 1368 1753 Graecorum
1381 1672 1525 1775 sequuti
1540 1672 1630 1753 sunt.
1650 1678 1690 1713 **
1799 1736 1801 1741 .

605 1823 622 1859 *
645 1835 903 1891 natsrorsst
918 1813 1039 1882 hancce
1054 1812 1182 1883 laudem
1202 1810 1297 1881 debe-
1341 1836 1395 1896 ca,
1422 1814 1640 1899 arithmetica,
1663 1814 1775 1900 mustra
1785 1860 1797 1896 ‚
1817 1816 2009 1903 geometria,
2034 1818 2074 1889 εἴ

563 1910 610 1988 ti,
625 1902 715 1993 quod
736 1905 857 1988 primus
878 1898 992 1981 fuerit,
1016 1904 1125 1987 quiin
1144 1901 1296 1967 omnibus
1340 1902 1528 1990 assronomia
1549 1905 1628 1969 liber
1650 1903 1721 1968 satis
1744 1922 1842 1970 notus
1863 1900 1917 1971 cll.
1962 1905 2074 1969 Docu-

562 1988 787 2083 philosophiae
805 1988 945 2074 partibus
964 1987 1162 2075 systematica
1177 1985 1296 2058 docen-
1340 2010 1454 2057 mento
1467 1987 1546 2059 haec
1561 2008 1662 2072 erant,
1678 1988 2072 2077 quodsystematicadisci-

562 2081 598 2151 di
613 2075 821 2147 rationevsus
836 2071 890 2155 fit,
904 2078 1067 2143 neminem
1080 2075 1171 2164 sugit.
1213 2076 1296 2141 Non
1339 2078 1443 2170 plinas
1461 2075 1615 2146 tractandi
1631 2080 1718 2147 ratio
1729 2079 1853 2164 placete
1864 2080 2010 2163 plurimis
2020 2081 2072 2145 in·

561 2172 950 2259 minusquoqueuotum,
963 2165 1075 2248 primis
1090 2162 1292 2233 saeculisma·
1339 2167 1468 2250 ciperet.
1533 2162 1662 2255 Exstant
1683 2162 1831 2252 equidem
1861 2166 1897 2233 &
1926 2164 2070 2233 eiusdem

562 2262 667 2331 iorem
681 2272 888 2327 astrosus
903 2248 990 2341 apud
1003 2247 1189 2317 christianos
1205 2248 1294 2315 sitisse
1339 2271 1593 2325 cassrooont
1605 2254 1642 2317 de
1654 2254 1772 2317 diuinis
1793 2253 1989 2331 leslionibns,
2006 2250 2071 2325 stuc

562 2344 820 2419 annositatem,
865 2357 965 2423 quam
1009 2356 1294 2404 narsi-ortus.
1338 2357 1374 2405 vt
1391 2340 1468 2404 alias
1485 2343 1582 2405 etiam
1598 2342 1813 2418 vocantur,de
1827 2339 2071 2424 institutionedi·

560 2432 691 2499 Mutata
701 2448 778 2493 vero
791 2424 941 2513 deinceps
956 2445 1062 2495 retum
1075 2422 1167 2491 facies
1180 2422 1224 2491 est
1232 2468 1243 2503 ,
1258 2426 1294 2491 in
1337 2428 1483 2491 ulnarum
1516 2427 1743 2512 crr'ptnrarum,
1759 2427 1832 2491 libri
1853 2429 1932 2507 dno,·
1960 2424 2012 2493 scd
2033 2430 2069 2493 in

561 2520 663 2587 latina
690 2512 873 2602 pracsertim
899 2508 1057 2593 ecclesia,
1091 2508 1292 2583 occasionem
1335 2514 1374 2579 iis
1391 2510 1429 2579 de
1445 2534 1483 2579 ot
1505 2516 1558 2578 ine
1575 2530 1713 2597 tantum,
1737 2518 1926 2599 rationeque
1940 2510 2069 2600 legendi

561 2598 932 2699 primnmsuppeditante
947 2619 1098 2667 sutoro
1121 2606 1290 2667 nancto
1334 2599 1455 2665 sacram
1466 2599 1653 2685 scripturam
1669 2604 1834 2688 praecipit,
1849 2602 1885 2669 ὅ(
1899 2604 2068 2687 praecipu·

560 2709 792 2777 'somaro
839 2707 1049 2753 tuventaro
1096 2700 1293 2753 soarnro.
1337 2684 1670 2773 osauctores‚quiad
1688 2684 1785 2773 ipsius
1808 2705 1945 2755 aetatem
1964 2708 2069 2774 'esque

560 2780 662 2847 Hunc
675 2780 763 2843 enirn
774 2767 1291 2857 Aristotelicaephilosophiaead·
1335 2771 1525 2860 scripturam
1547 2774 1667 2843 sacram
1695 2777 1902 2860 explicarunt,
1929 2770 2066 2843 indicat.

559 2864 703 2944 didlum,
725 2864 761 2928 in
784 2860 898 2927 eadem
921 2855 1127 2946 propaganda
1152 2856 1291 2924 studium
1335 2861 1535 2945 Cumprimis
1565 2882 1642 2927 vero
1669 2858 1774 2931 adhuc
1804 2859 2065 2941 obseruandum,

560 2972 662 3021 omne
683 2968 879 3035 operamque
901 2945 1086 3025 collocasse,
1110 2946 1159 3011 vel
1175 2944 1291 3030 scripta
1335 2946 1423 3015 turne
1442 2951 1508 3015 iam
1534 2947 1663 3013 saeculo
1685 2948 1773 3021 sexto
1793 2946 1972 3037 quosdam,
2010 2951 2066 3035 qui

460 3050 466 3061 '
560 3041 629 3109 eius
652 3034 823 3111 testantut;
852 3030 1035 3101 cuiusmodi
1056 3029 1143 3113 sunt,
1159 3034 1192 3097 in
1209 3046 1291 3097 cate·
1333 3034 1503 3101 sententias
1522 3055 1559 3101 cx
1572 3034 1698 3123 scriptis¹
1710 3049 1848 3121 patrum,
1868 3034 1923 3101 seu
1947 3038 2065 3105 veteris

553 3126 664 3215 gorias
676 3122 846 3207 Aristotelis
858 3120 932 3185 libri
950 3135 1102 3203 quatuora
1123 3119 1157 3184 in
1179 3118 1292 3185 librum
1335 3118 1481 3193 ecclesiae
1508 3118 1682 3189 doslorum
1706 3122 1906 3209 colligerent,
1940 3143 2062 3219 eatque

558 3209 731 3296 Aristotelis
759 3208 796 3271 de
826 3208 1104 3290 intrrpntarione,
1136 3206 1292 3269 mianum
1333 3206 1548 3277 certoordine
1570 3212 1605 3275 in
1623 3210 1714 3275 locos
1732 3204 1889 3296 quosdam
1911 3229 2064 3276 commu·

559 3295 849 3362 commentariorum
862 3290 936 3357 libri
947 3293 1026 3372 dno,·
1048 3294 1289 3359 maiorumcom·
1334 3316 1390 3365 nes
1403 3292 1624 3385 disponerent,
1649 3312 1746 3380 quam
1755 3292 1949 3363 methodum
1963 3299 2060 3380 primi

557 3382 783 3449 menteriorum
795 3379 868 3445 libri
880 3380 956 3463 sex,
974 3378 1198 3463 analyticorum
1214 3379 1289 3443 Ari·
1333 3380 1515 3470 theologiae
1529 3380 1731 3455 scholasticae
1747 3382 1894 3449 audiores
1907 3380 2003 3449 auide
2010 3404 2061 3448 ar-

549 3468 672 3563 stotrlis
684 3468 786 3532 eodem
805 3466 969 3551 interprete
990 3466 1063 3531 libri
1081 3483 1231 3551 quatuor,
1253 3464 1289 3540 ὅ(
1332 3471 1512 3555 ripuerunt,
1529 3472 1726 3543 &certatim
1740 3468 1863 3554 sequuti
1877 3469 1961 3553 sunt.
1984 3468 2058 3536 Cir·

558 3556 622 3631 alia
645 3551 787 3623 eiusdem
805 3556 951 3641 generis,
971 3551 1011 3619 de
1030 3554 1145 3639 quibus
1166 3568 1289 3638 praeter
1332 3578 1369 3621 ca
1383 3552 1481 3623 finem
1502 3558 1655 3622 nimirum
1675 3555 1791 3622 sacculi
1812 3556 1890 3623 sexti
1913 3577 2061 3627 rsrooavs

558 3644 640 3711 alios
654 3636 867 3707 consulendus
881 3662 932 3705 ιο.
955 3660 1177 3720 caeercvs,
1190 3642 1225 3704 in
1238 3638 1287 3703 iri-
1331 3638 1525 3729 Hispalensis
1552 3638 1681 3718 floruit3
1703 3642 1738 3713 dc
1758 3660 1880 3729 practer
1902 3644 1964 3717 alia
1982 3643 2062 3709 scri.

557 3728 802 3813 illothselesln,
816 3744 889 3797 torn.
905 3731 993 3797 XVI.
1009 3728 1099 3791 artic.
1112 3730 1168 3793 lV.
1179 3744 1213 3811 p.
1228 3746 1287 3805 ιρι.
1331 3747 1386 3822 pra
1401 3730 1662 3814 quamplurima,
1678 3750 1777 3814 eaque
1792 3731 1864 3796 satis
1883 3746 1973 3811 nota,
1983 3732 2058 3813 sen-

549 3820 635 3905 seqq.
691 3816 786 3898 Qtae
806 3812 937 3899 quidem
957 3816 1071 3879 omnia
1091 3810 1287 3879 scholasticis
1330 3817 1498 3881 tertiarum
1520 3817 1707 3897 liburnas,
1735 3817 1875 3903 reliquit,
1904 3836 2058 3903 magnam

556 3902 745 3974 dosloribus
771 3896 920 3987 deinceps
946 3900 1014 3967 vsui
1036 3898 1181 3983 suerunt,
1211 3920 1286 3965 cum
1329 3919 1453 3987 partem
1469 3923 1729 3969 monacensi
1749 3906 1859 3990 magni
1879 3906 2059 3971 moralibus
2097 3972 2104 3985 ,

551 3986 661 4077 &ipsi
676 3986 881 4057 Aristotelem
903 3984 1017 4057 ducem
1036 3986 1205 4074 eligerent,
1227 4006 1287 4055 nec
1329 4005 1510 4076 excerptas;
1533 4011 1630 4075 quam
1655 3993 1984 4071 uam&tvcvsrra·o,
1999 3994 2060 4068 ali·

554 4096 666 4145 tamen
696 4094 844 4163 graecam
887 4075 1029 4161 linguam
1062 4074 1286 4166 intelligerent.
1329 4078 1419 4164 isque
1436 4094 1554 4143 vtatur.
1622 4011 1712 4150 Idem
1733 4098 1814 4162 opus
1835 4074 2001 4145 interdum
2022 4078 2058 4145 ἀ

553 4166 623 4233 lam
651 4165 686 4230 &
710 4158 850 4229 studium
877 4156 1096 4227 continuandi
1118 4162 1155 4227 in
1179 4156 1286 4245 philo·
1330 4164 1367 4227 de
1374 4164 1495 4245 stimmo
1508 4164 1587 4228 bono
1605 4182 1824 4251 nuncupatur,
1833 4183 1925 4232 more
1936 4166 2059 4232 Ebtae.

552 4250 691 4335 sophicis
703 4244 897 4334 compendia
911 4269 948 4314 ac
968 4246 1155 4337 systemata,
1170 4243 1286 4315 eodetn
1329 4270 1437 4331 orum,
1452 4273 1471 4314 a
1485 4252 1608 4337 primis,
1625 4252 1737 4337 quibus
1753 4249 1924 4319 inchoatur
1935 4252 2058 4319 verbis:

552 4336 678 4401 saeculo
709 4336 857 4401 inualuit.
902 4331 1001 4421 Ipsius
1035 4349 1211 4405 norrun
1233 4353 1287 4398 est.
1318 4339 1476 4421 sermnem
1497 4337 1612 4405 bonurn
1629 4344 1713 4403 Deus
1734 4340 1784 4421 eft.
1852 4339 1962 4403 Varias
1983 4340 2057 4413 eius

551 4420 634 4487 liant
662 4419 701 4485 de
721 4420 916 4486 arithmetica
935 4422 1008 4486 libri
1028 4421 1108 4499 dno,
1131 4416 1171 4487 de
1192 4419 1280 4503 muss-
1323 4421 1480 4489 editiones
1495 4424 1632 4491 recenset
1641 4447 1710 4495 suc.
1724 4423 2057 4507 nurou1vs,bilrliorb.

550 4528 588 4571 ca
603 4507 840 4591 libri'qnntnor‚
864 4509 899 4575 &
920 4509 991 4573 alia.
1037 4528 1094 4573 tta
1106 4526 1174 4572 act
1196 4527 1279 4592 quo·
1321 4509 1439 4595 hispan.
1454 4525 1512 4575 ret.
1524 4527 1598 4575 torn
1616 4516 1640 4576 1.
1654 4513 1707 4579 lib.
1724 4517 1760 4577 V.
1773 4534 1799 4578 c.
1814 4518 1870 4579 IV.
1885 4531 1918 4598 p.
1932 4534 1975 4577 rra.
1988 4519 2056 4580 260.

546 4616 614 4746 que
630 4615 802 4660 nvnattt
824 4615 1091 4676 cnssrooont,
1114 4591 1154 4659 de
1165 4594 1280 4677 septem
1321 4602 1380 4667 261.
1445 4594 1569 4663 Eodem
1584 4601 1709 4673 circiter
1728 4616 1887 4685 tempore,
1900 4601 1953 4667 seu
1966 4602 2055 4665 circa

569 4681 720 4768 ifir'plinis,
729 4684 949 4769 granmrica,
962 4679 1127 4761 rhetorica,
1141 4680 1279 4749 dialem
1322 4678 1422 4754 finem
1436 4682 1550 4755 saeculi
1565 4685 1643 4759 sexti
1655 4688 1734 4759 visit
1745 4707 1765 4755 s
1775 4708 1794 4757 a
1804 4708 1859 4756 ou
1868 4707 1972 4778 trus,
1985 4685 2056 4775 Cy·

1957 4792 2063 4863 pttus,
