5259 5967
518 654 586 749 na
637 610 642 623 ’
805 606 984 729 ''trrtr
1011 642 1218 729 aaronis
1241 644 1414 729 cnrvr
1434 638 1730 742 nunnrvu'

521 772 532 785 -
548 760 1384 785 ..m—m—*ss-
1397 760 2058 791 ——u—-a-——a--n--um

525 806 769 895 iampraccipue
780 802 913 886 ducem,
929 808 965 873 in
975 804 1258 893 tribursuisdeoffi-
1302 802 1381 873 dum
1395 809 1484 872 enim
1499 806 1579 871 solas
1591 802 1899 886 aslioneshonestas,
1906 804 2043 875 subinde
2058 858 2060 863 -

525 900 582 964 ciis
590 898 694 975 libris,
708 896 856 979 sequutus
865 893 927 971 estc
938 890 1100 979 dequibus
1108 892 1258 979 deinceps
1304 896 1339 963 dt
1353 892 1500 974 decoras,
1513 898 1617 957 immo
1626 893 1770 972 &utiles
1780 891 1948 961 acnollrae
1957 916 2042 961 con·

525 984 679 1051 dicemus.
745 1002 951 1047 rnnrouts
975 968 1076 1067 qualis
1111 978 1260 1047 doelrina
1302 980 1475 1047 seruationi
1500 978 1723 1060 inseruientes,
1753 974 1897 1047 denotat.
1944 982 2041 1063 Qtae

526 1070 659 1139 moralis
673 1069 786 1141 fuerit,
801 1068 841 1135 ad
855 1064 1126 1153 §.praecedentem
1137 1064 1261 1133 indica·
1303 1063 1528 1135 discernendae
1544 1066 1617 1133 sunt
1631 1062 1886 1155 significationes,
1900 1088 1934 1135 vt
1943 1088 2042 1155 quae·

526 1162 645 1227 tumus.
689 1158 760 1225 Nec
775 1153 929 1235 dubium,
944 1157 1025 1241 quin
1042 1152 1119 1221 inde
1132 1176 1259 1240 praece·
1303 1156 1425 1223 namin
1432 1152 1514 1221 hisce
1523 1150 1851 1239 adiurisprudentiam
1859 1156 2043 1223 naturalem

525 1264 585 1335 pta
604 1244 731 1332 prorsus
751 1244 874 1331 egregia
895 1240 935 1309 de
955 1236 1068 1309 officiis
1087 1242 1262 1309 hominum
1305 1236 1552 1320 referendafint,
1566 1241 1791 1328 intelligamus.
1835 1244 2045 1327 Multaprae·

527 1326 646 1401 deduci
679 1348 786 1399 ueant.
829 1328 1264 1396 Lubricotamencunelasu-
1306 1323 1898 1415 amadmodumatqueegregiedina
1911 1334 1946 1397 in
1957 1328 2043 1397 hisce

553 1354 702 1487 erstrulla
722 1418 783 1484 ell'e
802 1414 1033 1497 fundamento,
1047 1436 1085 1481 ex
1107 1419 1164 1495 iis,
1181 1436 1264 1501 quae
1308 1436 1538 1481 eternours
1567 1416 1653 1480 libris
1682 1438 1874 1497 occurrere,
1905 1415 2043 1483 consen-

528 1504 651 1574 rbidem
672 1505 886 1581 monuimus,
906 1520 1004 1588 patet.
1049 1504 1182 1569 Interim
1195 1503 1262 1585 spc-
1307 1505 1394 1569 tiunt
1416 1524 1541 1567 omncs.
1592 1503 1680 1567 Hinc
1696 1504 1730 1569 dc
1749 1506 1845 1569 variis
1866 1500 2045 1571 doslorum

529 1594 629 1659 cimen
645 1596 723 1657 iuris
737 1589 892 1655 natttralis
904 1588 1070 1671 secundum
1090 1591 1265 1655 desirinam
1307 1591 1451 1655 vitorum
1489 1592 1731 1655 commentariis
1771 1589 1918 1659 illustrati
1954 1590 2045 1669 sunt,

530 1675 1266 1749 ftttonicamdeditturoneuzcuram-
1308 1697 1391 1761 quos
1407 1679 1488 1739 inter
1508 1696 1600 1740 snm.
1625 1696 1824 1744 nncuuntt
1847 1680 1985 1757 eminet,
2007 1678 2044 1745 δε

530 1786 637 1833 urus.
680 1760 1266 1832 aursrornctsdodhtinammora-
1309 1763 1404 1830 huius
1427 1764 1566 1827 maxime
1586 1764 1649 1829 loci
1669 1759 1736 1844 est,
1770 1766 1889 1850 quippe
1910 1769 1944 1831 in
1972 1785 2053 1849 quo-

533 1858 600 1924 lem
622 1850 665 1922 ad
684 1855 769 1919 vitae
788 1850 891 1919 ciuilis
911 1850 1001 1917 vsum
1023 1854 1117 1917 unice
1134 1848 1265 1916 adcom·
1300 1850 1425 1916 -omnia
1450 1844 1490 1913 ad
1510 1851 1586 1912 iuris
1613 1868 1745 1915 naturae
1770 1853 1924 1935 principia
1944 1870 2046 1915 reuo-

534 1938 704 2010 modatam
715 1936 821 2023 fuisse,
830 1954 924 2003 antea
938 1934 1126 2019 docuimus,
1140 1932 1269 2022 &apud
1310 1954 1434 2004 cantur.
1491 1932 1609 1999 l’roliir
1629 1958 1705 2001 cum
1732 1935 1804 2021 iplis
1824 1938 1908 2007 hisce
1928 1958 2047 2003 crcu-

534 2032 698 2121 genuinos
729 2026 953 2113 peripateticae
974 2023 1198 2111 philosophiae
1217 2026 1267 2089 in·
1311 2042 1437 2091 nouis
1452 2021 1538 2085 libris
1554 2023 1681 2103 Kiloni,
1708 2028 1847 2105 1668,‚8.
1892 2024 2049 2109 Atqueex

533 2134 689 2205 terpretes
708 2115 745 2181 in
762 2108 905 2181 confesso
919 2108 975 2177 ell.
1028 2112 1066 2175 In
1084 2114 1123 2176 iis
1146 2113 1266 2197 itaque,
1310 2109 1394 2177 hisce
1415 2104 1562 2193 quidem,
1601 2131 1684 2193 quae
1702 2113 2048 2189 commemorauimus,

562 2226 622 2274 uae
637 2202 677 2271 de
689 2198 880 2281 virtutibus,
895 2196 930 2265 dc
943 2194 1021 2263 hinc
1032 2192 1206 2265 fluentibus
1219 2194 1268 2261 of-
1310 2196 1515 2281 intelligitur,
1530 2215 1599 2259 non
1614 2214 1705 2263 caute
1719 2196 1792 2263 settis
1806 2196 1970 2277 incedere,
1988 2198 2049 2282 qui

531 2228 635 2373 sciis,
649 2288 826 2377 praecepit,
840 2282 1029 2372 prudentiae
1043 2288 1269 2370 potius,quam
1311 2280 1398 2371 apud
1425 2280 1629 2349 ethnicorum
1657 2280 1868 2370 philosophos
1891 2287 2048 2370 iurispru-

536 2379 772 2465 obligationis,
790 2372 970 2461 legumque
983 2369 1189 2451 diuinarum,
1212 2366 1269 2435 ha·
1311 2370 1454 2437 dentiam
1477 2366 1651 2453 quamdam
1678 2372 1858 2437 naturalem
1877 2388 2048 2458 quaerunt.

538 2469 613 2537 buit
633 2465 816 2537 rationemt
843 2478 981 2545 quarum
1004 2461 1051 2524 vti
1068 2460 1269 2523 mentionem
1312 2452 1365 2523 Est
1382 2477 1459 2521 reto
1481 2452 1585 2520 adhuc
1601 2452 1801 2533 addendum,
1816 2458 1996 2525 nomrullos
2011 2476 2052 2525 ex

537 2576 611 2623 non
624 2549 717 2629 fecit,
739 2552 802 2627 ita,
825 2542 970 2612 liveram
980 2546 1048 2611 eius
1062 2542 1103 2613 de
1114 2546 1186 2611 Deo
1200 2544 1270 2608 sen·
1312 2548 1369 2623 iis,
1384 2563 1458 2607 cum
1472 2541 1701 2627 perspicerent,
1724 2564 1845 2629 quanta
1862 2548 2050 2613 incommo-
2095 2570 2100 2584 “

538 2641 674 2713 tentiam
688 2630 884 2713 consideres,
897 2653 956 2697 nec
969 2628 1071 2698 facere
1084 2632 1201 2716 potuit.
1218 2626 1270 2695 Ad
1314 2629 1356 2697 da
1372 2630 1504 2695 illorum
1523 2627 1676 2696 sententia
1696 2630 1800 2697 secum
1815 2631 1970 2713 traheret,
1991 2632 2051 2719 qni

539 2728 776 2809 verumitaque
789 2714 1270 2804 Aristotelissyllemaindoslri·
1313 2718 1482 2785 aelionum
1503 2718 1654 2781 omnium
1687 2738 1830 2803 muana..
1849 2717 2050 2798 statuebant,

541 2839 587 2887 na
605 2810 722 2877 morali
740 2828 810 2875 non
830 2804 899 2871 litis
920 2801 1082 2871 attendere
1109 2801 1270 2884 videntur,
1314 2806 1350 2871 dt
1363 2804 1490 2889 quantis
1502 2804 1650 2886 periculis
1662 2803 1747 2887 ipsae
1760 2808 1904 2875 ciuitates
1912 2826 2051 2891 peream

542 2902 602 2989 qui
614 2902 651 2965 in
663 2918 704 2963 eo
716 2896 764 2961 ius
778 2888 909 2979 aliquod
924 2888 1089 2969 diuinum,
1104 2890 1156 2956 seu
1177 2909 1270 2956 natu·
1295 2912 1298 2917 ·
1315 2903 1568 2975 exponerenture
1589 2910 1647 2955 nec
1663 2893 1821 2959 tamenob
1828 2914 1945 2978 prauos
1954 2914 1993 2959 ae
2001 2914 2052 2961 er-

541 2986 626 3065 tale,
649 2983 679 3051 se
693 2982 839 3047 inuenire
857 2976 962 3063 posse,
984 2974 1042 3045 sibi
1064 2976 1252 3062 persuadent
1259 2999 1271 3055 ,·
1314 2996 1433 3043 roneos
1447 2971 1487 3041 de
1501 2974 1571 3040 Deo
1592 2995 1765 3061 conceptus
1785 2978 1910 3045 sontem
1925 2980 2055 3067 obliga-

543 3068 636 3163 quod
650 3066 802 3137 nonnulli
820 3063 953 3131 faciunt.
996 3064 1194 3148 Comparata
1210 3062 1274 3129 huc
1316 3063 1416 3129 tionis
1430 3062 1470 3127 ab
1485 3063 1551 3127 eius
1564 3064 1746 3144 voluntate,
1766 3064 1818 3131 seu
1836 3066 1906 3153 lege
1925 3064 2054 3149 diuina,

544 3158 734 3243 cumprimis
747 3150 789 3217 est
810 3170 856 3216 to.
877 3170 1134 3217 utsruunnrt
1154 3148 1275 3236 iustitu-
1319 3147 1608 3232 deriuarepuffent;
1631 3151 1965 3235 nonpotuiss'enouin
1978 3170 2055 3219 eant

545 3248 668 3311 tionum
682 3240 760 3303 iim's
768 3234 923 3301 naturalis
945 3236 979 3300 in
999 3235 1129 3301 moralis
1145 3236 1276 3321 philofia-
1319 3231 2056 3326 ingredisentcntiam,ess'equaedampersetuu-

542 3331 639 3419 plaiae
651 3324 810 3402 delitiae,
824 3322 1068 3407 repraesentatio,
1076 3320 1277 3407 quaeHelm-
1322 3324 1391 3407 pia,
1405 3339 1461 3387 aut
1477 3317 1628 3403 honesta,
1642 3326 1719 3387 citra
1736 3346 1870 3391 ornnem
1882 3326 1925 3393 ad
1961 3348 2055 3391 uam-

548 3413 642 3488 stadii
658 3414 760 3491 1690,
777 3420 806 3481 8.
826 3403 956 3491 prodiit.
1002 3408 1172 3491 Quaenam
1193 3404 1279 3492 apud
1323 3408 1765 3493 cumquelcgcmrespeelum.
1809 3412 1918 3496 Qram
1935 3348 2058 3481 deinde

547 3505 717 3573 Romanos
734 3492 975 3581 philosophiae,
989 3494 1151 3581 speciatim
1166 3496 1280 3563 &mo·
1322 3495 1510 3561 sententiam
1535 3515 1610 3561 cum
1634 3497 1763 3580 plurimi
1790 3498 2059 3567 scholasticorum

549 3591 642 3667 ralis,
667 3584 761 3651 r'uerit
781 3584 881 3660 ratio,
902 3597 997 3647 autea
1015 3578 1148 3649 dieium.
1191 3580 1280 3646 Hinc
1323 3580 1888 3668 amplexielsenteeousquetandcm
1902 3586 2082 3653 nonnulli'

549 3680 597 3758 ἃ,
611 3690 770 3761 quaenam
783 3667 916 3734 illorum
929 3666 1174 3755 iurisprudentia
1185 3686 1280 3733 natu·
1324 3660 1475 3755 progreffi
1488 3666 1578 3747 sunt,
1599 3687 1634 3733 vt
1646 3666 1839 3750 adsererent,
1861 3676 1908 3737 ius
1921 3668 2059 3759 aliquod

551 3766 626 3833 ralis
643 3758 753 3835 fucrit,
766 3753 966 3839 intelligitur.
1010 3754 1292 3841 Commemoran-¹
1325 3772 1455 3819 naturae
1463 3752 1547 3834 fore,
1563 3750 1648 3821 livel
1658 3760 1796 3822 maxime
1810 3776 1968 3843 ponatur,
1985 3779 2058 3825 non

552 3850 586 3917 di
601 3864 709 3913 autem
725 3842 922 3919 hiclomnino
936 3838 1009 3905 sunt
1021 3862 1061 3906 nr.
1069 3863 1101 3906 τ.
1117 3862 1282 3907 cicaro·
1326 3838 1385 3905 else
1396 3840 1521 3919 Deum,
1545 3862 1613 3905 nm
1622 3843 1873 3928 perpendentes,
1895 3842 2060 3913 eiusmodi

552 3958 618 4005 urs
632 3931 672 3999 de
682 3930 783 4017 officim
796 3928 868 3991 libri
879 3942 963 4076 mll
978 3927 1013 3991 in
1028 3929 1142 4012 quibus
1157 3930 1283 3992 Stoicos
1326 3927 1404 3993 haec
1412 3922 1483 4006 elle,
1496 3946 1531 3990 vt
1546 3927 1651 3993 secum
1664 3952 1820 4016 pugnent.
1865 3932 1943 4017 Quo
1956 3934 2061 4020 magis
2076 4014 2078 4021 Ι

553 4023 723 4111 praecipue
746 4016 894 4099 sequutus
920 4033 935 4077 e
976 4059 986 4089 ,
1011 4035 1136 4101 quosue
1164 4034 1201 4079 ex
1221 4030 1284 4079 aa·
1327 4010 1523 4090 mirandum,
1538 4014 1671 4081 &uum
1685 4036 1879 4085 ultorium
1896 4017 2062 4085 eiusmodi

554 4126 729 4182 sineru,
758 4120 1000 4179 uostnouu,
1037 4118 1284 4167 uucnrours
1329 4095 1407 4184 quid
1423 4094 1478 4165 fibi
1495 4098 1676 4184 persuadere
1692 4105 1845 4187 potui-Te,
1866 4108 1902 4171 in
1918 4106 2061 4193 prolego-

555 4192 694 4271 Rhodii,
708 4188 909 4273 aliorumque
918 4184 1052 4271 scriptis,
1064 4188 1286 4263 concinnauit,
1328 4186 1425 4249 menis
1438 4185 1475 4248 de
1487 4207 1554 4248 iura
1568 4187 1639 4249 balli
1657 4196 1695 4258 ὅ
1710 4192 1798 4271 pacit
1816 4202 1850 4270 q.
1866 4196 1920 4259 tn.
1943 4192 2062 4275 Qtan-

558 4300 710 4347 vttatuen
725 4275 764 4340 ab
779 4276 817 4339 iis
840 4268 1035 4357 quandoque
1050 4270 1226 4351 dilsentire,
1251 4272 1286 4338 &
1329 4268 1373 4337 do
1387 4290 1464 4337 uero
1477 4270 1719 4355 contendimus,
1732 4274 1842 4342 frustra
1855 4274 1940 4364 apud
1952 4278 2084 4347 etlrni-.

557 4370 595 4437 in
610 4367 706 4428 aliam
721 4356 896 4425 concedere
914 4357 1123 4437 sententiam,
1142 4354 1197 4425 sibi
1217 4378 1287 4422 uon
1332 4376 1445 4423 corum
1507 4354 1717 4445 philosophos
1779 4360 2066 4451 iurisptudeutiam

559 4450 685 4519 duceret
702 4448 861 4529 religioni.
906 4444 949 4508 Vt
965 4444 1152 4529 vcroipsum
1167 4464 1290 4509 nomen
1333 4440 1507 4528 quamdam
1521 4448 1697 4513 naturalem
1716 4454 1842 4534 quaeue
1872 4454 2067 4539 neutiquam

561 4536 647 4625 officii
677 4554 715 4599 cx
742 4534 925 4597 Stoicorum
954 4528 1157 4617 philosophia
1184 4526 1289 4611 fluxit,
1334 4528 1409 4595 idco
1431 4549 1599 4614 negamus,
1641 4534 1743 4600 multu
1768 4534 1856 4621 apud
1885 4560 1941 4605 eos
1965 4558 2066 4625 aeque

561 4615 836 4711 quemadmodum
843 4616 1292 4691 ianrobseruauimus3itanon
1339 4638 1377 4685 ac
1392 4617 1513 4703 postas,
1529 4620 1670 4706 itemque
1686 4642 1830 4693 oratores
1846 4645 1882 4693 ac
1894 4622 2069 4697 historicos
2080 4672 2090 4709 .·

561 4701 1157 4793 vnacadetnquerationesumebatur.
1189 4702 1292 4775 luter·
2024 4734 2073 4783 re-
