5259 5967
482 724 546 809 ,aa
736 717 871 785 urunt
894 698 1427 785 rostratontsc'nrvr
1456 710 1718 804 ovnnrvst

486 854 642 934 triarchas
664 853 1000 942 delfisatotsanimn
1022 854 1227 929 delatuit&
1269 877 1361 937 nem,
1384 878 1447 943 qua
1463 856 1614 923 omnibus
1628 853 1675 921 sui
1691 866 1756 920 tem
1805 852 1847 917 ris
1863 850 2004 938 palmam

486 947 555 1013 sita
576 944 670 1011 beata
687 947 830 1030 itemque
844 941 884 1011 de
902 942 1021 1029 lostplu
1040 942 1226 1027 patriarcba
1293 946 1462 1031 raeripuit‚
1486 942 1672 1028 cumprimis
1687 942 1744 1026 qul
1769 958 1822 1006 em
1836 948 2008 1005 commen-

489 1046 726 1099 commentatus
734 1028 789 1113 eli,
803 1026 971 1097 historiam
983 1030 1226 1119 sacrnmvbique
1310 1028 1410 1105 nduss
1433 1052 1504 1097 non
1512 1024 1698 1097 eximendus
1707 1044 1817 1096 umen
1830 1024 2003 1114 protl'usex

489 1122 526 1186 in
534 1115 749 1197 occasionem,
757 1138 862 1184 mores
869 1114 1043 1186 hominum
1051 1116 1225 1185 emendan·
1267 1120 1402 1189 illontm
1416 1137 1568 1197 numero,
1583 1116 1638 1203 qui
1651 1117 1754 1181 vitam
1768 1132 1946 1199 moresque
1959 1115 2005 1178 in·

490 1202 536 1287 di,
552 1222 689 1273 vertens.
734 1203 840 1271 Exstat
848 1224 1010 1290 praeterea
1024 1208 1091 1273 eius
1099 1202 1224 1271 debono
1269 1204 1461 1277 struxerunt.
1505 1206 1542 1268 ln
1557 1199 1696 1288 epistolis
1710 1222 1787 1267 nam
1812 1221 1853 1268 ue
1868 1198 2004 1279 suis,ali-

490 1294 602 1359 mortis
615 1294 711 1373 liber,
725 1294 760 1358 in
772 1290 906 1358 illorum
917 1292 1067 1359 solatium
1081 1291 1225 1378 scriptus,
1268 1296 1360 1382 isque
1375 1290 1714 1370 commentationibus,
1730 1311 1770 1379 pa
1811 1310 1858 1371 m,
1872 1306 2003 1375 quaeso

493 1383 548 1469 qui
564 1382 649 1447 vitae
667 1376 762 1445 buius
785 1396 977 1465 premuntur
996 1374 1226 1459 incommodis,
1269 1380 1423 1467 spedtant,
1437 1378 1561 1447 tradat.
1607 1375 1673 1462 lpse
1688 1393 1799 1445 autem
1812 1396 1892 1446 cum
1903 1376 1954 1441 vir
1967 1372 2004 1442 et

492 1490 513 1533 a
533 1466 649 1553 quibus
675 1484 782 1533 morte
806 1466 899 1531 beata
926 1464 1052 1532 liberari
1077 1468 1224 1555 cupiunt.
1267 1469 1314 1555 sep
1331 1466 1489 1559 rigidioris
1511 1466 1653 1553 ingenii,
1667 1463 1702 1533 dt
1715 1480 1832 1533 amans
1848 1461 2003 1531 solitariae

493 1554 636 1639 Vtraque
650 1555 718 1619 eius
728 1571 787 1638 pro
806 1552 930 1615 nauide
942 1553 1105 1639 apologia,
1123 1552 1225 1619 multa
1267 1558 1370 1631 vitata
1391 1552 1647 1639 bancpatitetac
1659 1550 2002 1640 virginitatem&eae

491 1638 556 1707 huc
568 1639 738 1726 spestantia
747 1640 903 1719 continet,
912 1641 1226 1723 itemquecommen·
1269 1642 1530 1728 libatumvbique
1538 1639 1602 1708 fere
1609 1635 1783 1725 praedicat,
1792 1639 1932 1705 iniurius
1940 1636 2003 1701 sub·

493 1730 575 1796 tatio
588 1724 629 1793 de
649 1725 720 1790 Elia
737 1728 777 1797 ὅ
790 1725 930 1803 ieiunio,·
960 1720 1000 1791 de
1019 1725 1167 1792 Nabothe
1181 1728 1227 1789 Ie·
1269 1728 1346 1799 inde
1359 1732 1394 1797 in
1405 1728 1675 1805 matrimonium,
1691 1724 1882 1811 praesertim
1892 1727 1927 1791 in
1942 1742 2001 1801 eos,

491 1812 633 1893 zreelita,
653 1809 793 1878 diuitum
806 1832 912 1878 mores
920 1808 1083 1883 delineans
1089 1838 1103 1893 ,·
1126 1809 1237 1899 deque·
1270 1820 1326 1906 qui
1341 1814 1382 1883 ad
1396 1831 1474 1881 vota
1482 1810 1615 1882 secunda
1628 1828 1804 1881 transeunt,
1850 1810 2001 1879 Hostum

496 1900 593 1967 Tobia
599 1944 612 1981 ,
625 1898 679 1967 seu
698 1899 841 1983 adstabat
854 1901 1085 1984 faeneratores.¹
1124 1898 1226 1966 Mitto
1270 1899 1450 1973 immundis
1464 1921 1555 1971 arcas
1569 1901 1666 1970 Noae
1680 1898 1890 1981 animalibus,
1904 1896 2001 1969 &set-

493 1988 627 2073 teliqua.
671 1984 770 2054 Redde
782 1986 817 2051 in
829 2001 970 2055 eonotat
984 2007 1034 2053 to.
1052 2004 1229 2055 sansur-
1270 1992 1437 2080 pentibus,
1459 1987 1603 2068 confert,
1623 1986 1857 2073 mulieremque
1876 1985 2002 2070 nuptias

495 2094 667 2157 fletvs,
701 2066 791 2160 (1110‘1
809 2074 988 2160 Vitginitati
1002 2094 1040 2141 ac
1060 2072 1228 2151 caenbatui
1269 2095 1468 2167 repetentem
1484 2076 1556 2141 cani
1571 2070 1612 2141 ad
1626 2075 1814 2155 vomitum,
1831 2070 1940 2157 suique
1952 2072 2000 2139 lo

495 2162 636 2229 nimium
650 2161 790 2246 pretium
806 2154 930 2239 llatuat,
946 2180 1124 2249 parumque
1137 2156 1226 2239 ablat,
1271 2187 1324 2234 tae
1337 2161 1378 2233 ad
1390 2163 1597 2229 volutabrum
1609 2162 1800 2241 reuertenti,
1820 2174 1999 2251 comptem

497 2250 579 2335 quin
599 2248 847 2315 matrimonium
869 2267 929 2335 pto
945 2266 979 2315 re
1073 2246 1229 2320 ihabeat.
1273 2274 1343 2321 non
1361 2247 1497 2318 dubitat.
1541 2248 1618 2314 Hoc
1632 2249 1697 2337 agit
1711 2248 1931 2339 praecipuem
1945 2246 2001 2331 epi·

496 2331 712 2405 Referendum
723 2334 813 2401 enim
823 2331 889 2402 ltoc
900 2334 1042 2420 vtiquee
1073 2336 1228 2403 intereius
1263 2336 1614 2428 stabnmnogamia,
1627 2336 1672 2399 ad
1681 2335 1878 2413 Geroniani,
1888 2332 2001 2421 stupo-

498 2424 703 2508 aliorumque
717 2436 846 2507 patrum
860 2440 992 2487 naeuos.
1035 2418 1124 2488 Idem
1138 2418 1233 2487 deeo
1272 2421 2002 2507 tiussecundumromanianum

498 2506 684 2589 dicendum,
697 2503 786 2593 quod
800 2506 904 2573 usuras
916 2527 1030 2573 omnes
1043 2505 1107 2575 stne
1123 2505 1228 2575 discri-
1270 2512 1411 2579 rachium
1419 2534 1432 2589 ,-
1452 2511 1489 2573 de
1501 2508 1634 2594 custodia
1649 2508 1844 2594 virginitatis
1853 2508 2002 2575 advente-

499 2600 587 2664 mine
604 2596 716 2659 reiicit.
759 2587 1228 2678 Maiorismomentiell,quod
1270 2599 1425 2676 eriam,-
1449 2592 1551 2681 deque
1568 2591 2001 2681 eodematgumentoaedEe·

501 2682 540 2751 de
552 2677 738 2745 Abrahumo
752 2678 1026 2764 acHagarevttba
1037 2678 1167 2762 faciens,
1179 2672 1228 2747 di-
1261 2684 1431 2779 flechiam
1454 2684 1491 2746 de
1495 2684 1654 2767 seruanda
1666 2682 1846 2761 viduitate,
1860 2679 2002 2748 adSalsi·

444 2810 448 2817 -
500 2770 580 2835 settc
593 2762 718 2844 adserit,
728 2763 998 2833 adulteriumne
1010 2765 1171 2857 legemnon
1170 2766 1229 2849 su·
1271 2793 1364 2850 mm5
1389 2771 1423 2837 ὅ(
1436 2769 1524 2840 libris
1535 2770 1651 2833 duobus
1659 2769 1697 2833 dt
1705 2769 1892 2855 uirginitate
1901 2768 2001 2835 adner-

499 2854 547 2941 iffi·
565 2851 771 2917 interdillum.
836 2850 899 2917 Vbi
920 2846 942 2917 st
956 2851 1009 2918 vel
1021 2855 1161 2923 maxime
1174 2868 1230 2937 per
1262 2861 1318 2944 sus
1331 2858 1528 2926 louinianum
1541 2880 1555 2935 ,·
1576 2876 1658 2942 quae
1672 2860 1786 2923 omnia
1802 2874 1932 2943 operm
1943 2856 2001 2923 eius

500 2938 689 3008 adulterium
722 2938 978 3005 concubinatum
1006 2940 1229 3092 intelliffiamut,
1272 2963 1356 3011 tamo
1365 2960 1489 3029 quarto,
1500 2959 1592 3027 parte
1596 2943 1743 3025 fluentia,
1760 2963 1799 3009 ex
1808 2942 1956 3010 editione
1965 2960 2002 3007 m

498 3024 901 3119 quodnonnullivolunta
923 3020 1097 3114 neclicqui
1120 3042 1229 3093 emes·
1273 3049 1544 3101 martianaei
1565 3032 1784 3097 continentur.
1855 3028 2003 3096 Noomi-

502 3116 625 3184 cusatio
634 3116 693 3178 rite
701 3107 862 3195 procedet.
885 3130 1029 3180 sunto.
1044 3130 1229 3181 ctruuta-
1272 3139 1333 3185 nue
1357 3115 1527 3183 vehemens
1547 3114 1592 3183 est
1605 3119 1641 3181 in
1658 3114 1924 3183 commendanda
1944 3116 2002 3182 vita

501 3221 612 3279 λινε,
626 3200 690 3264 hoc
701 3195 757 3262 fibi
770 3197 851 3262 velle
866 3214 921 3261 ΔΜ
932 3220 949 3262 Β
959 3219 1075 3265 Rosw
1085 3220 1131 3279 M,
1151 3216 1231 3262 ΕΘΗ·
1272 3204 1426 3283 solitaria,
1443 3204 1477 3269 dc
1490 3203 1633 3281 ascetica,
1649 3223 1748 3288 quam
1761 3203 1941 3288 perfedlam
1953 3224 2002 3267 ro·

501 3283 617 3363 tendit,
629 3282 814 3433 ffdlst'ldm
824 3279 1015 3351 adulterium
1028 3302 1103 3351 ante
1114 3281 1231 3349 Mosen
1277 3310 1346 3365 cat,
1370 3287 1458 3374 quod
1474 3292 1507 3353 in
1522 3311 1559 3355 eu
1568 3287 1731 3357 constituti
1748 3310 1860 3359 rerum
1874 3287 2003 3356 munda·

503 3368 627 3443 nonfui
652 3390 671 3435 e
687 3364 896 3454 prohibitum,
909 3373 954 3434 ita
967 3389 1003 3437 vt
1016 3373 1052 3437 in
1066 3367 1145 3437 illud
1155 3388 1233 3454 1³0²·
1276 3398 1391 3443 narum
1407 3396 1481 3441 cura
1496 3374 1600 3456 soluti,
1615 3375 1743 3441 liberius
1759 3398 1875 3444 vacare
1882 3377 2004 3453 diuinis,

502 3482 546 3529 na
560 3451 717 3546 quaed-am
737 3452 852 3523 statuta
868 3453 987 3537 fuerit,
1016 3454 1105 3545 quod
1123 3474 1232 3525 tamen
1275 3467 1309 3529 in
1322 3466 1480 3527 virtutum
1490 3460 1593 3528 studio
1608 3458 1776 3549 proficere,
1793 3466 1884 3531 &ita
1897 3464 1937 3532 ad
1945 3484 2006 3551 ptr·

503 3551 622 3616 iterum
638 3540 679 3608 ad
694 3539 909 3611 excusandum
929 3562 984 3608 aut
999 3540 1233 3611 defendendum
1276 3548 1451 3617 fedlionem
1467 3546 2006 3638 chrillianamcontendetequeant.

504 3630 728 3703 Abrabamum
736 3650 851 3715 parum
863 3626 947 3695 facit.
991 3631 1036 3697 Vt
1044 3634 1131 3696 enim
1139 3627 1233 3697 intel·
1276 3638 1428 3724 Spedlunt
1444 3636 1507 3703 huc
1528 3637 1703 3701 eslartatio
1722 3640 1789 3703 cius
1806 3640 1845 3704 de
1856 3640 1949 3703 laude
1966 3639 2006 3702 vi·

505 3724 626 3808 ligeret,
637 3714 988 3783 adulteriumillicitum
997 3716 1068 3798 effe,
1082 3718 1150 3803 lege
1159 3714 1232 3779 scri·
1275 3742 1327 3789 tae
1331 3723 1494 3806 solitariae
1508 3726 1549 3787 ad
1562 3724 1760 3787 Heliodorum
1774 3749 1784 3801 ,-
1808 3726 1956 3789 incitatio
1969 3722 2009 3788 ad

503 3828 559 3898 pta
572 3806 620 3873 illi
631 3825 713 3891 opus
726 3825 796 3871 nora
812 3800 882 3870 fuit.
924 3802 1100 3871 Fatendum
1114 3803 1234 3894 potius,
1266 3810 1406 3963 fl'sslm
1431 3809 1711 3877 Bethlehemiticum
1736 3813 1783 3874 aad
1802 3810 2007 3889 Marcellam

506 3899 798 3965 &auunostvu
820 3893 854 3958 δε
876 3908 1234 3968 euersosrostvu,
1277 3919 1315 3964 ex
1339 3901 1509 3965 ortatioad
1524 3899 1691 3983 perfellam
1712 3900 1813 3962 vitam
1830 3901 1874 3964 ad
1888 3898 2007 3964 bucini·

505 3985 538 4051 ἀ
554 3981 633 4048 alios
648 3994 761 4066 patres,
778 3975 856 4044 dum
871 3999 1036 4065 perperam
1046 3976 1102 4050 fibi
1110 3975 1234 4064 persua·
1277 4004 1331 4049 um
1350 3986 1530 4062 Baeticam,
1560 3984 1815 4069 derelinquendo
1827 3986 1951 4070 fiteculo
1969 3982 2008 4049 ad

506 4070 630 4149 serunt,
647 4071 734 4132 vitos
745 4065 888 4147 sandius,
903 4070 958 4151 qui
974 4069 1008 4133 in
1023 4067 1175 4153 scriptura
1188 4064 1234 4131 sa·
1277 4073 1543 4155 &separantium
1566 4072 1600 4141 ἃ
1615 4072 1688 4151 alia,
1703 4094 1787 4157 quae
1800 4071 1918 4142 itidem
1930 4091 2005 4137 roms

506 4179 559 4224 cta
575 4171 894 4237 commemorantur,
913 4157 1023 4221 omnis
1039 4154 1133 4221 naeui
1146 4150 1235 4221 fuiffe
1277 4174 1389 4246 quarto
1400 4178 1525 4242 operum
1537 4162 1603 4224 eius
1613 4175 1706 4244 parte
1707 4161 1855 4242 secunda,
1871 4182 1909 4227 eit
1922 4158 2007 4226 editi·

507 4261 663 4329 expertes,
682 4241 772 4324 saepe
788 4240 828 4307 ad
841 4262 878 4306 ea
895 4258 949 4309 aut
964 4239 1163 4322 excusanda,
1179 4260 1235 4306 aut
1278 4266 1343 4313 one
1365 4264 1480 4313 roan.
1502 4264 1793 4328 mancinum,
1811 4248 2008 4317 exhibentur·

506 4332 645 4395 omnino
661 4325 818 4394 laudanda
827 4331 972 4395 animum
985 4327 1141 4410 adiecille,
1155 4347 1236 4416 quae
1279 4334 1370 4401 Haec
1388 4354 1466 4402 vcro
1486 4334 1631 4421 aliaque,
1651 4331 1729 4401 dum
1744 4330 1860 4421 pall'im
1875 4336 1913 4402 in
1927 4353 2006 4406 stit·

508 4437 566 4481 nec
580 4410 712 4497 laudari,
726 4436 787 4481 nec
801 4416 939 4487 excusari
951 4432 1101 4504 poterant
1113 4433 1170 4485 aut
1182 4414 1234 4485 de·
1279 4440 1449 4490 nousmo
1463 4439 1631 4503 notantur,
1647 4421 1730 4489 redte
1744 4427 1890 4489 omnino
1902 4440 2008 4491 rosit.

502 4502 630 4568 bebant.
1279 4527 1509 4576 unuuasvm
1524 4507 1752 4599 pronuntiall'e,
1768 4508 1934 4577 existimo:
1955 4512 2008 4575 Hic

607 4608 749 4654 annno
760 4608 855 4654 stunt
872 4591 1009 4676 excipiat
1032 4613 1055 4659 aa
1065 4610 1236 4658 ranour·
1278 4616 1345 4660 mos
1358 4596 1443 4679 apud
1448 4598 1709 4682 patresflequtns
1723 4596 1774 4685 est,
1789 4593 2011 4684 maximeapud

507 4696 609 4758 raus,
630 4676 675 4744 ob
689 4675 861 4761 scripturae
874 4675 979 4749 sactae
998 4681 1238 4769 interpretatio·
1284 4683 2013 4780 rotumamamarcsum,&Hieronymo

1963 4790 2012 4860 μί
