5259 5967
531 719 599 799 ιιι
838 708 1223 793 trutinatoris
1252 708 1426 782 catur
1456 708 1720 801 ovantum

534 814 2051 853 ,........-......-.........-...-............,.................

534 867 765 961 ril'prudentiae
785 867 938 931 naturalis
958 864 1075 933 fuerint
1096 864 1160 931 fata
1167 910 1179 947 ,
1195 868 1266 953 qui·
1308 864 1476 953 scriptores
1505 862 1653 933 recenset.
1721 862 1902 931 Obseruatu
1934 882 2047 937 autem

529 980 615 1031 nam
629 955 776 1023 auc‘lotes
790 954 970 1038 praecipui,
985 956 1092 1038 quiin
1105 975 1143 1019 ea
1157 955 1267 1021 colen-
1309 957 1449 1021 maxime
1466 948 1578 1039 digna,
1601 947 1649 1017 sed
1665 965 1701 1016 vt
1715 946 1806 1017 sunul
1826 949 1977 1022 adcurate
1993 974 2048 1022 ex-

534 1044 578 1116 da
593 1038 804 1127 ornandaque
815 1038 966 1119 studium,
976 1060 1170 1127 operamque
1178 1039 1268 1105 suam
1309 1037 1483 1128 pendatur,
1498 1060 1580 1125 quae
1600 1058 1625 1102 c.
1638 1040 1697 1103 111.
1719 1048 1753 1139 5:
1778 1042 1889 1140 cm.
1903 1038 2045 1125 seqq.de

536 1133 757 1207 collocarunt,
769 1126 945 1212 intelligere
958 1127 1042 1193 licet.
1063 1128 1266 1193 Nonomnes
1310 1147 1434 1193 auor.
1459 1144 1682 1207 avorsari,
1699 1124 1886 1212 philosophi
1906 1128 2045 1195 celeber-

537 1216 708 1307 equidem,
727 1216 782 1301 qui
802 1215 878 1279 iuris
899 1214 1051 1280 naturalis
1074 1209 1268 1299 compendia
1310 1215 1402 1296 timi,
1418 1215 1453 1280 δι
1465 1223 1499 1293 p.
1517 1214 1661 1313 CLXXX:
1677 1209 1717 1312 de
1733 1233 1893 1315 enarer.
1915 1234 2047 1315 vorata

536 1302 836 1379 autinstitutiones,
857 1295 1011 1365 familiaue
1020 1296 1187 1365 ediderunt
1196 1298 1271 1365 scri·
1311 1303 1408 1367 iniut
1429 1317 1560 1366 naturae
1580 1314 1716 1399 mentre,
1739 1298 1962 1400 sententiisque
1984 1300 2047 1369 dis·

537 1410 619 1481 pta,
642 1390 877 1462 enattauimust
900 1408 959 1451 nec
980 1385 1129 1453 etiamid
1150 1384 1270 1455 necell‘e
1310 1387 1395 1455 serit.
1442 1389 1491 1452 De
1503 1383 1619 1485 inhgnt
1633 1406 1708 1451 rurus
1722 1386 1893 1468 naturalis,
1921 1384 2074 1457 srredle·

536 1479 600 1549 elle
614 1477 773 1543 duximus.
817 1472 885 1555 Qui
898 1492 964 1551 eos,
986 1493 1066 1559 quos
1086 1475 1270 1558 praetetmi-
1311 1475 1482 1554 tractetur,
1497 1474 1531 1540 dc
1544 1472 1697 1552 vtrhtate,
1716 1474 1751 1539 dc
1764 1468 1957 1556 necessitate,
1973 1498 2047 1543 nott

535 1563 653 1644 limus,
667 1558 856 1647 cognoscere
870 1578 960 1638 auet,
974 1578 1097 1645 praeter
1113 1558 1272 1647 bssoriam
1313 1558 1376 1642 cll,
1393 1579 1429 1625 vt
1449 1558 1625 1646 quidquam
1646 1557 1819 1637 addamus3
1841 1582 1916 1627 cum
1932 1583 2047 1645 nemo,

537 1649 684 1723 nostram
694 1647 774 1712 iuris
784 1663 933 1726 naturae,
946 1648 981 1711 in
993 1666 1058 1733 qua
1069 1644 1172 1713 adhuc
1188 1669 1269 1732 quo·
1312 1645 1370 1715 nist
1384 1646 1500 1713 harum
1515 1647 1693 1713 litterarum
1707 1648 1801 1733 plane
1815 1668 1922 1749 expers
1934 1646 1989 1733 lit,
2004 1649 2047 1721 de

536 1734 689 1807 rumdam
714 1734 915 1800 mentionem
942 1730 1096 1812 fecimus,
1124 1734 1270 1800 consulat
1313 1758 1351 1803 ea
1372 1732 1518 1801 dubitare
1541 1751 1647 1834 queat.
1700 1737 1898 1837 Summatrm·
1913 1758 2047 1839 quoque

538 1842 687 1891 socru.
716 1840 879 1885 scotori
906 1817 1013 1884 kartae
1028 1821 1195 1907 Anleitung
1212 1842 1272 1886 zur
1313 1844 1395 1909 quae
1408 1819 1467 1887 hac
1481 1818 1519 1887 de
1533 1841 1565 1885 rc
1578 1816 1639 1886 dict
1655 1820 1802 1905 pollunt,
1816 1821 2049 1907 ramrndrcaur,

539 1907 675 1997 Hr'storr‘e
687 1906 741 1971 der
754 1904 943 1987 Gelabrhcr't,
951 1927 975 1971 c.
983 1910 1026 1973 ΙΙ.
1036 1911 1136 1991 §.XX
1135 1912 1188 1975 Vt.
1186 1909 1271 1993 seqq.
1313 1912 1349 1977 in
1363 1908 1492 1997 institut.
1508 1906 1599 2006 theol.
1614 1907 1812 2010 moralpara
1826 1913 1868 1975 11.
1876 1912 2049 1997 prolegom.

538 1998 619 2065 item
643 2011 841 2062 ueaoanrr
864 2014 974 2061 anio.
998 2014 1194 2075 auncurt,
1214 1997 1271 2079 qui
1314 2000 1421 2079 §.XL
1465 1994 1606 2077 Quaem
1619 1993 1745 2061 libello:
1770 1994 2051 2063 chbtundRecbc

541 2084 578 2153 δι
587 2015 651 2166 ipde
663 2083 747 2146 inter
760 2075 1273 2161 recentillimosnumerandusell,
1315 2080 1416 2163 dieto,
1431 2082 1465 2149 &
1479 2077 1609 2179 quidem
1623 2082 1658 2146 in
1678 2083 1733 2146 der
1747 2082 1837 2169 callen
1852 2082 2052 2185 Enfdacltmg

535 2164 1275 2255 Vernunffl-undVoelcker-Recht,Lips.1723,4.
1316 2190 1342 2237 c.
1359 2173 1401 2234 11.
1415 2170 1452 2235 in
1470 2184 1668 2234 contratrum
1684 2166 1878 2251 adferuntur,
1891 2173 1977 2239 lacrlr
1990 2192 2053 2243 ne·

540 2257 596 2323 cui
609 2256 702 2339 operi
721 2249 801 2318 dum
821 2249 986 2321 historiam
1006 2253 1179 2339 quamdam
1193 2257 1270 2320 iuris
1312 2258 1405 2345 gotio
1420 2251 1498 2321 dilui
1513 2254 1654 2341 polluat.

539 2340 696 2411 naturalia
725 2334 912 2426 praernisrt,
953 2343 1141 2428 praecipuos
1173 2344 1269 2408 etiam

648 2464 679 2561 5.
705 2464 874 2540 XXXlll.
898 2464 1004 2558 Quae
1018 2466 1142 2543 vltima
1152 2491 1238 2579 pars
1252 2464 1507 2570 philosophiae
1521 2469 1696 2581 praclicae
1713 2470 1760 2545 de
1774 2474 1974 2585 prudentia
1987 2502 2056 2592 ge·

537 2563 695 2643 neratim
708 2562 906 2664 praecipit,
920 2587 1001 2638 non
1013 2564 1136 2641 minus
1149 2590 1190 2639 m
1203 2564 1400 2667 prudentia
1413 2566 1603 2643 christiana
1617 2568 1656 2645 δι
1669 2570 1853 2671 pastorali,
1868 2599 1980 2676 quam
1994 2602 2054 2653 cr·

538 2660 759 2754 uili‚locum
775 2660 982 2736 inueniunt.
1033 2664 1089 2739 Eo
1104 2664 1215 2765 magis
1237 2683 1359 2740 autem
1382 2662 1624 2757 obseruanda,
1645 2667 1683 2744 dc
1705 2667 1749 2743 ad
1768 2668 1871 2747 vsum
1892 2673 2053 2753 transfe-

538 2759 656 2839 renda
669 2756 770 2849 sunt,
784 2782 861 2857 quo
877 2756 931 2833 sac
958 2759 1015 2836 ius
1028 2785 1096 2862 per
1110 2761 1397 2863 imprudentiam
1419 2762 1608 2855 homines,
1630 2766 1739 2841 etiam
1761 2769 1826 2941 pul
1851 2770 2055 2852 doctorum

537 2858 583 2935 in
596 2855 741 2933 eoelefia
757 2880 911 2930 munere
926 2784 1152 2959 iitrtguntur,
1165 2880 1341 2961 peccant,
1367 2860 1406 2939 δι
1425 2861 1641 2962 grauilluna,
1662 2885 1743 2943 tum
1776 2867 1825 2943 rbi
1839 2868 1941 2973 ipsis,
1961 2892 2055 2971 ¹turn

539 2953 615 3033 toti
629 2952 795 3029 ecclcsiae
813 2954 999 3031 attrahunt
1014 2956 1261 3033 incommoda.
1287 2962 1304 3001 *

630 3084 646 3120 *
665 3082 822 3149 Vltimam
838 3083 959 3152 hancce
973 3084 1272 3179 philolophiaepra·
1316 3094 1482 3164 cuiusdam
1498 3099 1550 3166 seu
1574 3098 1756 3187 disciplinae
1772 3103 1911 3174 formam
1932 3110 1971 3174 iis
1992 3105 2054 3177 da-

543 3168 644 3236 eticae
672 3188 797 3253 partem
825 3170 966 3256 plerique
987 3176 1031 3237 ita
1056 3177 1210 3258 tradlant,
1239 3196 1272 3243 vt
1315 3200 1405 3264 rent,
1427 3202 1463 3251 vt
1478 3187 1513 3250 in
1529 3186 1726 3274 sequentibus
1742 3188 1893 3259 dicemus.
1922 3196 2056 3264 Eoma·

538 3251 728 3345 prudentiae
742 3256 865 3335 ciuilis,
889 3278 987 3341 quana
996 3260 1030 3326 δι
1039 3263 1205 3346 politicam
1214 3285 1271 3331 vo·
1315 3273 1363 3358 gis
1379 3289 1485 3337 autem
1502 3270 1557 3339 illa
1571 3275 1720 3342 tractatio
1733 3275 1776 3344 est
1790 3282 2053 3369 necellaria,quo

540 3357 639 3421 cant,
657 3356 785 3406 tantum
807 3340 943 3409 habeant
959 3349 1137 3423 rationem3
1160 3372 1273 3435 quam·
1317 3357 1457 3442 amplior
1471 3363 1535 3425 eius
1550 3358 1592 3426 est
1605 3362 1693 3438 vsusa
1716 3362 1871 3451 siquidem
1884 3390 1955 3436 non
1978 3387 2055 3437 tan·

543 3446 644 3513 quam
664 3447 723 3493 nec
745 3426 799 3491 sub
821 3425 922 3495 hocce
940 3435 1073 3500 nomine
1094 3436 1219 3522 semper
1237 3459 1273 3503 ea
1316 3461 1388 3509 rum
1426 3444 1586 3512 rudentiac
1600 3451 1720 3529 ciuilis,
1745 3454 1930 3534 &aulicae,
1954 3454 2055 3526 sed&

543 3510 701 3594 tradant,
721 3533 805 3599 quae
826 3513 948 3582 tradere
969 3516 1136 3587 dedebant.
1180 3522 1273 3590 Ordo
1317 3467 1522 3609 chrilhanae,
1535 3530 1752 3621 theologicae,
1766 3540 1799 3604 dr
1813 3539 2054 3625 ecclesiasticae,

542 3616 652 3667 autem
666 3602 805 3665 omnino
820 3598 974 3686 postulat,
996 3622 1032 3669 vt
1051 3604 1090 3675 de
1104 3607 1274 3693 prudentia
1316 3620 1475 3703 principia
1499 3620 1534 3687 &
1556 3619 1763 3689 fundamenta
1785 3647 1821 3691 er
1846 3649 1882 3693 ca
1909 3630 2057 3713 petenda

540 3684 724 3752 felicitatem
753 3684 893 3752 nostram
917 3692 952 3756 in
978 3695 1069 3758 rebus
1090 3693 1130 3760 ad
1155 3695 1274 3765 hancce
1316 3701 1406 3776 sunta
1427 3722 1460 3769 vt
1478 3704 1651 3773 luculenter
1673 3732 1691 3773 a
1715 3732 1768 3777 me
1790 3716 1824 3777 in
1841 3732 1936 3797 parte
1952 3720 2055 3781 tertia

540 3774 644 3837 vitam
656 3771 980 3860 spedlantibus‚'quae
995 3782 1147 3847 omnibus
1166 3780 1273 3847 homi·
1315 3788 1540 3941 afflictationum
1555 3793 1724 3882 theologiae
1740 3800 1868 3864 moralis
1888 3800 2054 3869 ostensum

542 3858 637 3923 nibus
653 3862 834 3923 communis
849 3858 902 3940 est,
925 3866 1065 3949 primum
1079 3864 1271 3934 simussolli·
1316 3898 1370 3943 e.
1415 3876 1610 3945 Vndeetiam
1619 3900 1724 3967 patet,
1747 3882 1929 3973 theologiae
1942 3892 2054 3957 culto-

542 3945 616 4022 citi,
648 3945 682 4010 dc
699 3960 770 4009 tum
792 3942 924 4012 demum
945 3942 1167 4035 dispiciamus,
1204 3976 1270 4039 quo
1315 3965 1402 4028 ribus
1419 3962 1622 4047 prudentiam
1635 3966 1754 4038 hancce
1770 3976 2055 4045 uniuersalemmi·

542 4030 640 4117 pad’to
656 4031 780 4117 regulae
793 4028 870 4098 istae
881 4037 1038 4118 generales
1063 4037 1102 4104 de
1124 4039 1271 4108 felicitate
1315 4052 1403 4115 nime
1427 4050 1486 4115 elle
1511 4054 1744 4139 negligendam.
1789 4061 1834 4127 Ea
1853 4083 1948 4145 vero,
1972 4086 2053 4131 cum

539 4116 597 4181 sua
611 4131 740 4182 externa
754 4118 985 4200 conseruanda,
999 4121 1038 4189 ad
1046 4129 1203 4209 quoslibet
1212 4124 1271 4193 sta·
1315 4156 1372 4221 per
1394 4134 1597 4223 prudentiam
1618 4144 1762 4225 ciuilem,
1786 4149 1820 4211 in
1843 4171 1904 4234 qua
1919 4151 2054 4235 regulae

541 4218 612 4293 tua,
634 4206 822 4288 cumprimis
843 4209 1099 4292 rempublicam,
1119 4212 1271 4299 adplicati
1313 4224 1381 4288 eius
1401 4243 1456 4290 aut
1475 4221 1515 4290 ad
1528 4230 1776 4311 rempublicam,
1791 4235 2053 4323 autipsosimpc-

541 4306 673 4372 queant.
718 4288 793 4355 Hoc
808 4310 902 4373 vero,
916 4315 990 4358 cum
1007 4302 1196 4366 aucteribus
1204 4302 1270 4386 pla·
1314 4326 1443 4389 rantes,
1474 4329 1529 4375 aut
1552 4334 1659 4379 retum
1677 4320 1823 4385 ciuilium
1843 4319 2055 4394 administros

541 4392 584 4436 ne
605 4372 784 4457 negledlum
804 4374 861 4456 srt‚·
889 4376 996 4446 nollra
1018 4380 1149 4450 demum
1171 4403 1272 4454 aetate
1312 4393 1530 4479 adplicantur,
1546 4397 1678 4468 mirifice
1692 4403 1876 4484 illustretura
1899 4430 2052 4481 nonma-

541 4454 724 4523 exstiterunt
735 4460 937 4545 virietuditi,
960 4470 1033 4551 qui,
1056 4489 1138 4555 quae
1147 4470 1188 4538 ad
1196 4496 1271 4558 pru·
1312 4482 1343 4545 le
1356 4483 1446 4547 rebus
1463 4483 1521 4548 suis
1538 4486 1724 4570 consulent,
1747 4490 1893 4578 quihanc
1905 4518 1948 4583 qu
1997 4522 2054 4581 ue,

541 4539 687 4608 dentiam
705 4544 798 4613 istam
816 4552 1025 4618 uniuersalem
1046 4555 1206 4641 speetant,
1230 4558 1270 4628 ad
1314 4586 1413 4652 prout
1443 4568 1638 4655 reliquorum
1667 4574 1846 4647 studiorum
1873 4588 1958 4655 ratio
2005 4604 2052 4655 oc.

539 4646 627 4699 certa
647 4650 834 4704 reuocatent
852 4640 1032 4729 principia,
1061 4642 1271 4747 scientiaeque
1311 4656 1490 4759 permittit,
1504 4656 1726 4736 delibauerint.
1772 4665 1946 4749 Prudentia
1956 4670 2055 4743 haec·

2017 4780 2055 4843 tl
