5259 5967
552 748 599 817 42
878 728 1015 799 LIBRI
1035 726 1246 798 tutonis
1278 720 1452 793 cntvt
1478 718 1769 790 stcvubvm

556 826 1328 864 Μ
1342 828 2079 853 Μ

555 880 686 965 transtra
693 905 706 960 ,·
727 902 822 965 quam
832 881 961 942 diuitem
974 882 1008 943 in
1023 896 1150 963 regnum
1168 876 1230 939 Dei
1244 875 1293 936 io
1337 874 1487 943 ditatibus
1501 876 1624 961 placere
1640 870 1753 958 potest,
1763 872 1863 937 seillls
1876 870 2003 949 offerre,
2016 872 2075 956 qui

556 980 663 1044 trare,-
676 967 796 1033 Marah.
811 969 906 1045 XIX,
918 984 962 1047 ²5·
984 984 1035 1043 ²4·
1092 963 1160 1045 Qui
1183 978 1293 1026 autem
1335 962 1425 1029 sacto
1440 958 1689 1029 eeclefiasticoue
1701 956 1809 1025 ordini
1826 957 1880 1023 sua
1894 978 1965 1023 non
1978 954 2073 1023 dubi-

556 1052 692 1141 ipsemet
702 1055 736 1118 in
751 1073 886 1137 regnum
907 1052 1073 1117 caelorum
1092 1070 1162 1114 non
1183 1049 1292 1125 intrat,
1337 1067 1409 1117 tant
1423 1047 1498 1114 dare
1519 1051 1680 1123 nomina,
1699 1067 1774 1113 cunt
1794 1040 1881 1131 apud
1900 1066 1962 1110 nos
1991 1042 2073 1111 haec

558 1136 727 1224 quomodo
748 1142 817 1203 aliis
833 1141 920 1203 viam
934 1135 974 1202 ad
991 1134 1070 1201 illud
1084 1130 1292 1199 monstrabit?
1336 1138 1449 1203 omnia
1466 1136 1564 1221 longe
1579 1135 1668 1200 aliter
1680 1133 1711 1199 se
1730 1132 1879 1200 habeant.
1946 1126 2072 1212 Quodsi

555 1222 646 1311 quod
669 1225 814 1311 theologi
836 1223 922 1301 ell'e,
946 1218 1080 1287 constat.
1146 1216 1247 1300 Qiod
1268 1214 1291 1284 st
1336 1222 1461 1307 insuper
1475 1244 1512 1289 ea
1531 1221 1729 1306 spesientur,
1744 1241 1825 1305 quae
1837 1239 1915 1284 vero
1922 1263 1934 1297 ,
1950 1214 2072 1282 diuini-

556 1328 667 1378 tamen
679 1308 795 1379 diuites
811 1306 1091 1393 omniaista,quae
1102 1306 1216 1372 areslo
1226 1325 1290 1371 tra·
1334 1327 1450 1394 tusque
1461 1308 1646 1391 illuminato
1661 1307 1818 1391 theologo
1838 1306 1969 1392 propria
1983 1302 2072 1383 sunt,

555 1400 634 1464 mite
648 1418 705 1463 eos·
719 1396 905 1471 retrahunt,
929 1412 1139 1480 perrumpant
1148 1393 1290 1474 vincula,
1334 1416 1371 1463 vt
1386 1398 1599 1481 vitaquoque,
1614 1394 1835 1477 moribusque,
1850 1392 1880 1457 se
1888 1392 2070 1478 genuinum

555 1502 592 1551 vt
604 1484 715 1569 spretis
729 1480 875 1561 caducis,
893 1478 1004 1548 diuina
1019 1483 1054 1549 dt
1068 1496 1196 1545 aeterna
1209 1477 1291 1545 serio
1336 1479 1454 1550 Christi
1468 1482 1637 1548 seruatoris
1653 1474 2070 1565 discipulumdemonliret3

554 1571 803 1657 amplectantur,
820 1566 977 1652 adeoque,
993 1586 1030 1634 vt
1044 1588 1120 1655 curn
1131 1586 1290 1633 santes
1338 1590 1458 1656 paucos
1472 1590 1509 1635 ex
1524 1569 1685 1634 nobilium
1699 1563 1824 1645 ordine,
1835 1568 1890 1652 qui
1898 1566 1998 1633 hocce
2007 1584 2071 1630 no-

553 1658 681 1743 loquar,
693 1652 1291 1740 pauperibussonisesfiantsopessane,
1336 1660 1425 1723 mine
1434 1652 1604 1741 dignifint,
1620 1657 1834 1720 inueniemus.
1877 1653 2071 1805 Eiusquerei

554 1765 632 1830 quas
645 1738 815 1829 possident,
831 1741 968 1828 plurima
983 1744 1045 1807 illis
1061 1738 1182 1807 adferre
1200 1756 1290 1805 com·-
1335 1741 1473 1810 caussam
1485 1745 1521 1807 in
1528 1741 1594 1827 ipsa
1603 1739 1689 1808 haud
1705 1763 1777 1806 raro
1791 1736 1953 1827 deprehen
1978 1760 2070 1806 emus

555 1824 654 1895 moda
662 1828 804 1915 possunt,
820 1851 880 1894 nec
889 1828 991 1894 vllum
1005 1826 1048 1893 est
1057 1825 1202 1908 dubium,
1210 1831 1291 1912 quin
1334 1832 1459 1919 generis
1468 1830 1638 1895 nobilitate
1648 1830 1681 1894 dt
1690 1824 1888 1913 praestantia,
1902 1850 1984 1914 quae
1995 1828 2071 1911 plu-

554 1916 681 1981 felieius
701 1916 923 1982 inlitteratum
946 1912 1054 1979 studiis
1076 1911 1241 2000 progredi,
1257 1912 1291 1979 dt
1335 1920 1434 1982 timos
1442 1913 1588 2001 impedit,
1603 1918 1795 2001 quominus,
1811 1937 1847 1981 ex
1861 1915 1986 1981 sublimi
1995 1908 2071 1993 illo,

552 2000 721 2071 sublimius
735 2000 927 2069 eruditionis
945 1998 1124 2087 fastigium,
1151 1998 1291 2067 sicetera
1334 2003 1476 2091 quemse
1490 2021 1597 2071 tenere
1618 2019 1749 2090 putant,
1773 2000 1934 2089 dignitatis
2008 1996 2069 2081 du,

549 2110 702 2176 quoque,
718 2086 849 2175 quaead
870 2089 935 2155 hoc
943 2092 1159 2175 requiruntur,
1174 2084 1290 2167 adsint,
1334 2087 1376 2158 ad
1394 2103 1561 2159 aarum
1573 2090 1680 2170 illam,
1704 2086 1769 2155 sine
1791 2111 1854 2175 qua
1881 2022 2069 2156 chiidimanae

552 2172 1290 2262 attingerequeant,quampauperes.Q10dde
1331 2180 1416 2244 vitae
1430 2177 1513 2242 ratio
1536 2173 1592 2243 libi
1613 2198 1682 2242 non
1699 2172 1841 2260 constat,
1864 2172 2071 2246 descendant.

552 2260 709 2329 diuitibus
734 2260 887 2342 diximus,
903 2258 936 2327 id
953 2265 1051 2328 etiarn
1067 2258 1107 2328 de
1128 2264 1213 2343 illis,
1232 2266 1288 2349 qui
1332 2260 2072 2350 quue&Paulusapostolusconfitmat,quan-

575 2350 679 2416 entris
690 2350 1113 2434 antiquitate,nobilitaeque
1121 2351 1190 2415 aliis
1199 2370 1289 2435 prae·
1332 2350 1414 2429 do,.;
1427 2348 1645 2418 rarissimis·
1657 2352 1673 2411 ε’
1685 2351 1780 2418 *alode
1792 2358 1900 2423 lvonis·
1918 2351 2071 2417 vocatio-

551 2453 554 2457 ·
624 2452 660 2515 t,
680 2433 927 2502 obseruandum.
971 2438 1054 2502 Sunt
1067 2439 1113 2501 vti
1137 2458 1175 2503 ue
1191 2457 1230 2502 ex
1250 2436 1287 2500 il·
1332 2457 1427 2513 nem,
1442 2430 1595 2499 diuinitus
1623 2432 1678 2501 sibi
1698 2438 1858 2515 oblatam,
1879 2434 2069 2523 acceptasse,

554 2518 694 2589 lishaud
708 2524 828 2609 pauci,
853 2525 909 2608 qui
923 2521 955 2591 se
969 2520 1077 2591 ordini
1097 2457 1287 2588 addixerunt
1332 2522 1522 2609 pronuntiat
1542 2542 1563 2585 1.
1580 2526 1647 2586 Cor.
1663 2525 1745 2603 1,26.
1809 2525 1881 2591 Nee
1902 2545 2010 2591 tamen
2026 2520 2072 2591 de

555 2606 666 2690 sacro,
686 2612 790 2675 irn'mo
812 2612 868 2695 qui
889 2611 946 2687 &,
970 2610 1092 2694 scriptis
1113 2606 1222 2689 editis,
1246 2608 1293 2674 sui
1337 2609 1490 2676 omnibus
1499 2606 1564 2675 hoc
1574 2605 1636 2674 diti
1667 2606 1758 2690 otest,
1773 2613 1886 2677 vtinec
1901 2608 2071 2698 apostolus

556 2700 749 2763 memoriam
757 2692 798 2762 ad
811 2692 956 2782 posteros
968 2714 1197 2782 propagantur,
1211 2716 1292 2780 quos
1336 2697 1401 2764 hoc
1416 2692 1540 2775 adserit,
1561 2717 1628 2781 quo
1666 2695 1812 2763 diuinam
1827 2695 1918 2764 istam
1938 2695 2070 2783 adsper-

558 2784 1096 2861 n'tiun.naun.uoit1vs,in
1109 2781 1293 2847 bibliotheca
1335 2800 1451 2851 nentur
1465 2787 1685 2849 vocationem.
1731 2786 1761 2849 si
1792 2788 2072 2872 uiergoitacom-

556 2868 709 2934 nobilium
727 2866 935 2953 theologorum
953 2866 1291 2955 historico-theologica
1334 2873 1435 2955 parati
1452 2868 1541 2951 sunt,
1554 2887 1588 2934 vt
1600 2806 1989 2940 christidoiirmamserio
1996 2892 2074 2943 am·

444 2948 448 2955 ’
546 2954 673 3037 fisesla,
687 2953 837 3019 recenset.
881 2955 994 3039 Longe
1008 2956 1165 3018 maiorem
1181 2973 1290 3019 tamen
1334 2956 1532 3041 plesiantum
1549 2960 2073 3043 tumgenerisnobilitasnontan·

554 3040 688 3107 illorum
701 3044 737 3104 in
750 3060 900 3122 romana,
917 3062 1015 3126 quam
1024 3037 1131 3105 nostra
1146 3039 1286 3119 ecclesia,
1330 3040 1632 3125 rumnonobstabir,
1648 3049 1829 3130 quominus
1844 3044 2015 3116 donorum
2029 3048 2073 3119 iit

553 3126 615 3195 esse
629 3148 819 3207 numerum,
833 3149 904 3192 non
925 3128 1110 3207 mirabitur,
1125 3131 1181 3212 qui
1198 3132 1284 3213 cogi·
1330 3126 2073 3215 ecclefiafunganturnrunere,sedinterdumet·

553 3216 684 3294 tauerit,
699 3215 735 3278 in
746 3214 802 3277 illa
817 3211 954 3295 diuitias,
968 3212 1128 3294 honores,
1142 3217 1284 3298 potenti·
1328 3218 1394 3281 iam
1402 3213 1867 3303 praesidiumaliquodadl'eret,
1877 3240 1912 3288 vt
1926 3222 2073 3294 conffl-

553 3318 619 3380 am,
635 3300 686 3380 dt,
698 3295 856 3383 quidquid
875 3302 981 3383 prauis
1000 3299 1175 3365 hominum
1194 3304 1283 3386 cupi·
1327 3324 1363 3367 us
1372 3299 1518 3369 ecclesiae
1526 3325 1719 3393 promouere
1734 3308 2049 3400 commodaqueant.

554 3502 561 3517 ,
661 3442 691 3515 ς.
707 3424 802 3500 Xlll.
830 3424 891 3499 Ad
906 3426 1003 3501 dona
1017 3427 1151 3503 haecce
1166 3428 1360 3521 naturalia,
1375 3430 1422 3505 de
1437 3431 1570 3531 quibus
1591 3432 1765 3511 hasienus
1786 3436 1941 3535 dicium,
1962 3466 2074 3522 acce-

553 3522 643 3601 dere
656 3523 795 3599 debent
799 3522 1027 3621 spiritualia,
1069 3551 1135 3600 uae
1149 3547 1340 3627 utramque
1354 3528 1416 3602 hic
1437 3557 1481 3631 pa
1509 3530 1604 3605 inam
1627 3531 1768 3608 faciunt
1783 3564 1792 3619 ;
1807 3561 1874 3637 per
1896 3564 1989 3652 quae
2009 3565 2074 3619 et-

551 3621 812 3800 isamnpturalia
831 3552 1107 3713 inaurienda,
1129 3620 1232 3714 &ad
1245 3625 1450 3724 legitimrun
1469 3556 1730 3731 silutaremque
1759 3631 1861 3710 usum
1875 3638 2073 3740 dirigenda

568 3744 645 3801 unt.

640 3845 658 3887 *
679 3843 760 3907 Sunt
779 3840 934 3907 nimirum
953 3836 1127 3923 spiritualia
1135 3841 1221 3905 bona
1228 3839 1286 3908 du·
1332 3844 1408 3909 ritus
1422 3844 1521 3912 sansii
1535 3850 1681 3932 gratiam,
1697 3853 1737 3916 ab
1752 3852 1997 3926 adhaerentibus
2015 3862 2072 3931 vi.

550 3928 788 4015 plicisgeneris.
833 3921 1001 4009 Qraedam
1015 3926 1073 3983 m·
1083 3932 1171 3996 lhxlv
1183 3929 1227 3991 ita
1239 3925 1286 3993 di·
1331 3932 1382 3995 tiis
1395 3933 1642 4017 puigantur,ad
1655 3937 1828 4023 sapientiae
1840 3941 2074 4033 diuinaeprae.

553 4034 688 4095 cuntur,
703 4016 861 4100 quoniam
881 4036 898 4076 a
922 4012 1048 4098 spiritus
1062 4010 1159 4076 sandii
1174 4035 1286 4097 opera-
1331 4016 1484 4101 scriptum
1497 4017 1692 4105 diriguntur,
1708 4028 1742 4090 ὅ(
1757 4030 1800 4092 ita
1816 4028 2057 4101 sinslificantur

553 4102 647 4164 tione
663 4098 928 4182 proficiscuntut3
951 4102 998 4163 vti
1013 4100 1123 4161 omnia
1136 4120 1188 4175 ea,
1204 4121 1286 4183 quae
1331 4102 1442 4167 itidem
1455 4104 1628 4187 spiritualia
1645 4116 1751 4175 vocari
1767 4117 1903 4198 possunt.
1959 4084 2072 4189 Natus

554 4204 630 4249 eum
644 4186 884 4251 illuminatione
898 4206 935 4251 ex
949 4178 1156 4251 conuersione
1178 4186 1285 4251 homi·
1331 4192 1407 4252 ralia
1421 4209 1529 4253 autem
1548 4189 1632 4257 dona
1647 4202 1778 4278 quaeuis
1792 4203 1950 4271 eiusmodi
1977 4214 2072 4293 puri.

553 4271 606 4334 nis
622 4264 746 4349 fluunt,
758 4273 810 4334 vel
831 4268 944 4336 exinde
963 4271 1123 4355 originem
1143 4270 1287 4338 trahunt.
1332 4270 1823 4368 ficatione,&sanclific.1tione,
1838 4312 1920 4375 opus
1935 4292 2056 4363 habere

554 4355 627 4421 Alia
635 4374 731 4433 veru,
747 4357 781 4419 in
802 4356 833 4421 se
847 4357 1003 4439 spesiata,
1024 4354 1096 4420 sunt
1116 4358 1285 4437 naturalia,
1330 4356 1681 4445 sriisritevtivelimus,
1692 4366 1777 4455 sique
1790 4376 1862 4442 Deo
1877 4346 2070 4462 placerede:

552 4439 618 4521 sed,
629 4459 728 4526 prout
738 4441 774 4505 in
790 4438 1142 4526 hominibusregenitis,
1160 4464 1216 4527 per
1224 4443 1285 4527 spi·
1330 4447 1434 4526 beant,
1449 4446 1542 4531 supra
1556 4451 1671 4521 iamad
1685 4465 1713 4538 §.
1723 4463 1776 4524 XI.
1792 4463 2046 4539 obseruauimus.

663 4588 685 4660 ς
707 4571 807 4646 XlV.
821 4568 1033 4665 Enimuero,
1048 4600 1135 4650 cum
1149 4571 1363 4648 christianus
1378 4577 1459 4673 quis
1474 4578 1574 4676 prius
1585 4582 1653 4661 elle
1670 4587 1817 4688 debeat,
1833 4621 1942 4694 quarn
1957 4601 2071 4678 theo·

555 4672 661 4772 logiis
683 4667 837 4747 euadere
860 4689 993 4767 queats
1017 4697 1148 4747 eorum
1169 4695 1323 4773 quoque
1344 4669 1549 4768 donorun,
1571 4708 1663 4783 quae
1690 4691 1864 4769 omnibus
1887 4721 1971 4775 vera
1992 4700 2072 4779 fide

1974 4822 2072 4888 prae-
