5259 5967
1294 568 1310 595 l

655 693 721 763 DE
742 692 1191 764 lVRlSPRVDENTlA
1213 690 1648 767 ECCLESIASTICA.
1868 638 1957 789 699Ι

397 798 1207 825 naaman—..m
1224 806 1915 833 -----ι-.-..-.......,-,-

395 840 502 910 labem
515 838 690 930 quamdam
705 830 849 909 ecclcbae
862 839 987 907 nostrae
1007 841 1131 927 adsper·
1174 863 1273 921 srvs,
1296 848 1390 913 omni
1410 843 1516 914 studio
1529 846 1564 914 id
1578 869 1691 933 agens,
1710 868 1745 916 vt
1760 848 1908 939 reliquias

392 928 512 998 serunt.
556 929 694 995 Fuerunt
712 926 872 1029 equidem,
891 932 946 1013 qui
956 932 990 995 in
998 932 1129 1016 quibus·
1172 949 1307 1016 papatus
1321 932 1905 1024 exiurisprudentiaecclesiasticapro·

395 1014 472 1083 dam
494 1015 617 1081 saniora
643 1012 765 1081 tradere
787 1019 991 1101 inciperent,
1016 1016 1128 1082 saltem
1172 1016 1357 1083 testantium
1375 1022 1521 1087 eliminet
1541 1020 1575 1089 δι
1590 1021 1780 1106 proscribar,
1800 1026 1834 1087 in
1849 1048 1905 1091 va·

393 1104 499 1170 multa
518 1105 643 1167 monita
658 1102 862 1167 saluberrima
880 1103 1064 1169 traslationi
1078 1106 1128 1169 iu·
1171 1107 1225 1169 riis
1241 1102 1508 1173 dissertationibus
1526 1108 1689 1193 &scriptis
1700 1106 1752 1190 (de
1760 1130 1903 1195 quorum

393 1193 438 1256 ris
456 1184 665 1256 ecclcfiastici
690 1186 923 1273 adspergeren13
957 1208 992 1255 vt
1011 1211 1126 1257 rouu.
1169 1192 1334 1257 nonnullis
1348 1193 1423 1257 alibi
1436 1197 1495 1260 erit
1510 1190 1637 1261 dicendi
1650 1194 1754 1279 locus)
1764 1201 1904 1263 maxime

393 1294 769 1353 nvuurusuuvs,
789 1278 857 1341 iure
872 1276 1036 1342 consultus
1055 1297 1126 1342 eru·
1168 1281 1324 1343 auremin
1340 1276 1904 1347 notisadroau.r³svu1usucr-

393 1362 581 1431 ditionis&
602 1365 727 1446 pietatis
746 1360 838 1427 laude
856 1364 1011 1440 inclitus,
1034 1365 1124 1429 cuius
1169 1384 1297 1430 sorni
1312 1364 1516 1450 institutiones
1527 1369 1607 1431 iuris
1624 1370 1781 1449 canonici,
1796 1367 1902 1436 Halae

391 1450 441 1515 ius
452 1448 1023 1534 ecclgfiasticumnotisUstcpplememis
1037 1468 1076 1515 ss
1085 1470 1124 1515 ru.
1166 1448 1444 1536 Magdeburgicae‚
1457 1471 1538 1533 1715
1549 1451 1779 1519 duobusramis
1792 1475 1824 1536 4
1833 1452 1900 1521 edi·

391 1557 560 1603 srnruri
580 1534 713 1601 austum
726 1536 1017 1620 acsslocupletatum
1028 1538 1123 1601 Fran·
1167 1554 1225 1604 tas.
1277 1538 1435 1621 Exemplo
1449 1542 1508 1604 viri
1523 1536 1616 1605 huius
1636 1540 1831 1606 celeberrimi
1848 1560 1902 1607 cx·

392 1621 513 1689 cofurti
532 1625 565 1689 δι
577 1619 701 1707 Lipsiae
726 1625 820 1696 1686.
839 1640 870 1703 4.
891 1621 1029 1706 prodiit,
1052 1645 1122 1689 non
1166 1620 1511 1704 citati,eamdemviam
1526 1620 1650 1710 ingressi
1664 1624 1737 1691 sunt
1753 1646 1901 1695 eom.

392 1709 491 1775 semel
505 1706 651 1793 deinceps
665 1708 817 1774 recusum.
841 1710 902 1777 Sed
915 1732 1023 1777 cusu.
1047 1730 1126 1775 zris·
1170 1731 1291 1776 nunu.
1306 1731 1463 1790 rrrrvs,
1483 1714 1519 1778 in
1531 1714 1614 1777 libro
1629 1711 1799 1798 inscripto:
1822 1716 1901 1778 Eine

394 1797 1127 1880 eurstvsquoque,magninorninisiurecon·
1167 1798 1268 1861 Probe
1281 1797 1333 1861 des
1344 1797 1501 1878 deum-hen
1510 1797 1683 1883 geistsr'chen
1698 1798 1822 1879 Rechts,
1841 1801 1901 1865 wie

389 1884 502 1963 sulcus,
519 1885 736 1967 queminiure
751 1886 910 1948 canonico
925 1905 978 1948 me
987 1880 1123 1947 audiuis·
1158 1884 1288 1967 sellu'ges
1314 1882 1393 1948 ohne
1411 1883 1591 1970 paebstiscbe
1615 1884 1679 1949 und
1700 1904 1747 1969 pa
1767 1886 1899 1950 enzende

388 1969 446 2049 se,
467 1988 555 2055 grata
578 1988 688 2034 mente
704 1966 873 2048 recordor,
893 1990 932 2034 ex
946 1967 1123 2035 historia&
1169 1968 1427 2054 Verfaelscbung,
1449 1970 1528 2034 auch
1547 1971 1661 2035 andere
1680 1906 1899 2055 anssmliche

386 2059 579 2140 antiquitate
602 2049 806 2121 ecclesiastica
832 2055 942 2120 lucem
963 2056 1122 2139 egregiam
1167 2056 1436 2140 Vemirrungaus
1448 2056 1506 2117 den
1520 2058 1773 2121 Grund-Saetzen
1787 2056 1899 2144 goettl.

386 2139 521 2208 subinde
540 2144 601 2205 iuri
625 2144 787 2205 canonico
809 2137 954 2217 adludit,
988 2142 1122 2225 suntque
1164 2140 1276 2206 Rechte
1290 2162 1363 2203 zum
1380 2139 1540 2205 Gebrauch
1553 2140 1787 2225 protiylirender
1803 2149 1897 2208 Sraa-

387 2231 499 2295 omnia
515 2229 578 2292 eius
594 2226 719 2311 scripta,
736 2242 772 2291 vt
787 2225 826 2292 de
839 2229 988 2312 episcopis,
1002 2248 1121 2291 eorutn·
1163 2245 1233 2307 ten,
1246 2228 1280 2291 in
1297 2225 1443 2311 richtiger
1461 2228 1587 2291 Ordnun
1616 2241 1696 2292 erwa
1707 2226 1814 2292 koenre
1822 2232 1898 2312 fiir·

385 2336 446 2399 que
461 2314 581 2377 iuribus
605 2318 643 2383 θ’
658 2313 852 2398 priuilegir‘s,
876 2315 915 2381 (ἔ
928 2316 1051 2378 vitreneli
1067 2335 1120 2378 ra·
1157 2311 1287 2400 gestella
1298 2314 1437 2393 werden,
1460 2246 1658 2379 Francosirti
1677 2334 1771 2394 1701.
1786 2327 1816 2389 8.
1841 2338 1896 2383 ιο.

385 2402 490 2476 tione,-
511 2400 547 2463 dc
559 2400 695 2463 diaconis
710 2401 749 2469 ὅ
763 2398 948 2486 diaconffs,
970 2400 1121 2485 episcopus
1164 2420 1254 2465 ssu.
1267 2420 1488 2479 srsruws,
1516 2403 1551 2464 in
1563 2402 1656 2464 variis
1671 2398 1895 2467 dissertationi·

384 2487 473 2553 miles
493 2487 588 2550 veteri
607 2486 739 2571 ecclejiae
758 2488 901 2573 inuisum
926 2488 1120 2571 strperintcn-
1163 2488 1239 2559 bust
1268 2506 1370 2550 rvsr.
1395 2506 1602 2552 usuuruo.
1623 2506 1893 2569 uorumruvs,

387 2575 462 2639 dem
473 2574 518 2637 ad
526 2594 669 2636 normam
686 2571 933 2658 constitutionum
952 2570 1118 2659 eccltfiusti·
1160 2569 1274 2638 itidem
1293 2574 1328 2636 in
1346 2571 1471 2656 scriptis
1488 2570 1817 2658 dissertationibusque
1837 2594 1893 2639 va·

387 2680 493 2723 carum
512 2660 691 2743 descriptus,
708 2661 742 2728 ἀ
756 2663 897 2745 reliqua,
918 2654 1117 2747 dignissima,
1160 2660 1234 2738 riis,
1254 2661 1442 2741 cumprimis
1454 2675 1561 2725 autem
1576 2660 1611 2724 in
1624 2660 1692 2722 iure
1710 2659 1895 2747 ecclefiastico

386 2767 467 2833 quae
482 2748 521 2810 ab
534 2748 687 2810 omnibus
709 2748 785 2810 iuris
801 2765 917 2830 panter
937 2769 975 2811 ac
990 2745 1118 2812 theolo·
1155 2743 1406 2830 protestantium,
1420 2746 1506 2827 vstem
1520 2746 1699 2809 modernum
1712 2748 1790 2812 iuris
1801 2767 1894 2811 canos

385 2836 455 2919 gine
468 2832 648 2897 cultoribus
664 2831 821 2916 legantur.
865 2832 943 2911 Quo
954 2831 1049 2916 paslo
1063 2852 1115 2897 ve·
1160 2830 1223 2895 nici
1246 2832 1337 2895 iuxta
1350 2833 1462 2914 serim
1486 2832 1684 2895 decretalium
1704 2830 1894 2919 ostendente,

384 2940 425 2984 ro
440 2918 505 3001 ipsa
520 2920 596 2983 iuris
611 2915 819 2984 ecclesiastici
838 2921 997 3008 principia
1009 2939 1117 2985 emen·
1161 2937 1258 3003 opere
1273 2918 1383 3000 amplo
1399 2918 1433 2983 &
1446 2914 1583 2996 erudito,
1600 2919 1758 3003 nobisque
1770 2919 1895 2985 nonse-

386 3001 492 3071 danda
506 3001 577 3087 smt,
590 3006 712 3089 primus
719 3048 731 3084 ,
745 3008 780 3069 ni
795 3003 903 3078 fallor,
920 3010 1007 3072 viam
1022 3025 1117 3070 mon·
1161 3003 1226 3068 mel
1241 3000 1390 3082 laudaro,
1404 3003 1532 3089 aliique.
1591 3004 1742 3090 Quorum
1759 3002 1893 3091 quidem

384 3089 495 3158 llrauit
509 3113 601 3160 ssu.
622 3112 957 3172 evruunonrtvs,
979 3095 1015 3157 in
1028 3088 1118 3157 libel·
1160 3086 1298 3155 studium
1314 3105 1349 3153 vt
1365 3092 1457 3154 omni
1477 3085 1571 3155 laude
1585 3084 1825 3175 dignilsrmum3
1848 3092 1893 3156 ita

384 3178 420 3243 lo
437 3172 667 3264 degantisstmo
685 3174 724 3243 de
743 3177 855 3243 habitu
870 3177 1052 3266 christianae
1070 3198 1117 3241 re·
1160 3175 1226 3243 boc
1239 3174 1341 3240 solum
1355 3168 1534 3260 optandum
1553 3174 1654 3255 soret,
1673 3198 1714 3244 ne
1729 3174 1892 3243 interdum

383 3266 506 3351 ligionis
517 3266 561 3329 ad
573 3267 677 3335 viram
690 3266 830 3339 ciuilemt
851 3268 940 3330 cuius
956 3261 1056 3331 editio
1071 3262 1118 3329 se·
1160 3265 1245 3327 inter
1259 3262 1404 3347 reliquias
1412 3281 1545 3347 papatus
1555 3260 1801 3343 eareserrcntur,
1809 3282 1892 3349 quae

382 3349 501 3430 cunda,
516 3349 1033 3429 abauelorereursasremendata,
1045 3351 1118 3414 Bre·
1160 3370 1197 3415 eu
1205 3347 1312 3413 altiori
1321 3351 1457 3434 origine,
1471 3352 1575 3414 immo
1588 3368 1656 3414 non
1668 3347 1771 3417 modo
1783 3370 1819 3417 ex
1828 3351 1893 3434 pri·

383 3458 457 3505 mae
483 3441 576 3517 1692.
602 3455 652 3499 12.
669 3437 778 3501 lucem
800 3434 949 3521 adspexit.
1016 3438 1115 3501 ineo
1159 3438 1290 3515 mitiua,
1307 3456 1406 3517 eaque
1422 3428 1570 3500 nondum
1589 3456 1683 3501 cortu
1708 3432 1877 3503 tatcclefia

382 3544 524 3606 namque
547 3518 644 3587 solide
668 3519 921 3603 demonstrauit,
949 3518 1116 3592 ecclesiam
1158 3458 1894 3609 sedomninoexscriprurasacraseriuaripos

381 3630 454 3677 non
466 3606 565 3675 instar
577 3608 778 3693 reipublicae,
794 3606 1115 3693 seullatusindcpen-
1159 3605 1243 3671 sunt.
1294 3606 1397 3673 Caute
1412 3609 1567 3671 nimirum
1584 3602 1641 3671 hic
1658 3607 1892 3691 incedendum,

382 3695 499 3775 dentis,
506 3691 559 3760 sed
566 3698 677 3779 potius
687 3691 784 3760 instar
796 3696 923 3781 collegii
937 3696 1114 3775 cuiusdam,
1158 3690 1316 3773 existimo,
1332 3714 1383 3773 ne,
1398 3713 1480 3777 quae
1492 3692 1549 3756 sub
1562 3710 1680 3778 papatu
1695 3694 1893 3775 exstiterunt,

385 3782 446 3849 ell'e
462 3778 721 3867 concipiendam,
764 3784 810 3846 Ex
822 3802 888 3867 quo
897 3781 1113 3867 consequitur,
1158 3777 1264 3847 statim
1279 3799 1316 3844 ex
1332 3778 1401 3864 ipso
1423 3796 1558 3865 papatu,
1581 3800 1636 3844 aut
1652 3783 1753 3866 princi
1780 3784 1817 3845 iis
1832 3776 1893 3845 do-

381 3870 469 3936 solos
484 3871 678 3952 imperantes
691 3867 877 3933 summosin
890 3870 1043 3935 omnibus
1054 3872 1114 3933 im·
1158 3866 1279 3933 sicinae
1291 3867 1426 3951 papalis,
1441 3884 1523 3945 orta,
1531 3864 1740 3952 nobispersua
1766 3887 1893 3941 eamuss

381 3956 527 4043 periisac
539 3956 629 4020 rebus
643 3954 785 4041 publicis
803 3954 951 4039 supremo
970 3957 1052 4021 circa
1067 3955 1114 4019 sa-
1158 3950 1285 4032 deinde,
1297 3970 1332 4017 vt
1369 3951 1591 4038 erpcndamus,
1608 3951 1764 4039 quaedam
1778 3950 1893 4041 grauis·

384 4062 438 4110 cta
452 4043 519 4106 iure
532 4038 695 4126 gaudere,
719 4040 817 4127 idque
836 4042 898 4108 illis
905 4086 919 4122 ,
934 4063 1006 4107 non
1016 4057 1114 4128 prout
1156 4035 1238 4105 suno
1260 3975 1410 4125 equisem
1431 4036 1539 4106 abusui
1559 4042 1595 4105 in
1608 4038 1734 4108 ecclesia
1749 4060 1891 4116 ‚romana

381 4126 535 4214 episcopi,
548 4122 601 4192 sed
614 4144 712 4278 qrout
723 4132 916 4214 imperantes
922 4128 1005 4209 sunt,
1014 4129 1113 4195 tribu·
1157 4125 1218 4192 else
1229 4126 1384 4209 obnoxia,
1398 4148 1479 4213 quae
1493 4129 1527 4193 in
1542 4124 1573 4193 se
1586 4122 1734 4212 speslata,
1749 4142 1892 4195 remota-

382 4212 505 4283 endum
516 4213 593 4288 essee
639 4216 901 4294 incliteossolos,
916 4218 1014 4296 iniis,
1031 4236 1114 4301 quae
1155 4234 1218 4299 que
1232 4218 1324 4279 omni
1338 4210 1560 4301 superstitione
1566 4259 1577 4294 ‚
1595 4234 1650 4280 aut
1668 4222 1808 4287 υιάφοια.
1832 4230 1891 4282 aut

381 4300 424 4369 ad
438 4321 604 4367 externum
621 4297 767 4368 ecclcsiae
786 4306 928 4390 regimen
952 4301 1112 4388 spectant,
1155 4303 1294 4367 omnino
1307 4303 1392 4369 bona
1406 4322 1446 4368 ac
1462 4299 1609 4366 salutaria
1617 4298 1702 4382 sunt,
1715 4298 1890 4369 himbert-

380 4388 464 4474 leges
482 4387 709 4473 praescribere,
726 4409 843 4473 eaque,
859 4411 940 4475 quae
954 4388 993 4458 ad
1008 4389 1111 4456 eccle
1155 4390 1252 4455 tineri
1270 4388 1412 4473 possunt.

378 4472 443 4543 siae
457 4474 732 4541 conseruationem
741 4478 858 4559 pariter
869 4500 905 4543 ac
915 4478 1110 4563 reipublicae
1241 4473 1346 4541 iamsi
1364 4476 1397 4543 δι
1412 4469 1450 4543 de
1463 4468 1534 4541 fatis
1549 4474 1625 4541 iuris
1638 4476 1786 4543 canonici
1801 4470 1889 4563 apud

380 4562 644 4647 tranquillitatem
658 4559 793 4642 faciunt,
808 4562 1000 4631 constituere
1010 4563 1108 4649 posse.
1152 4562 1355 4629 romanenses
1368 4560 1441 4647 post
1455 4562 1720 4629 retbrmationtm
1743 4561 1890 4631 ecclefiae

377 4650 538 4739 sequutus
556 4643 672 4747 dende
692 4644 736 4725 til
759 4668 914 4727 cuntes·
933 4672 1107 4746 ruomq
1149 4646 1272 4763 aliquid
1284 4645 1457 4725 dicendum
1469 4644 1530 4733 fit,
1554 4652 1649 4723 initio
1662 4647 1794 4741 quidem
1809 4664 1889 4816 qq?
