5259 5967
531 701 597 767 130
838 679 981 751 LIBRI
1016 679 1229 751 PRIORIS
1257 674 1435 747 cxtvr
1463 673 1724 760 Qvnwa

530 781 1347 811 efflet—*e
1843 804 1848 813 ,

531 820 721 915 quodnam,
733 828 958 911 V111.p.eo,fl·
978 849 1010 912 q.
1023 823 1201 905 contendit,
1216 827 1266 890 ti·
1308 830 1430 894 entiam
1446 828 1539 891 nobis
1555 824 1724 910 pandunt,
1747 823 1921 910 disciplinis
1941 820 2050 891 erudi-

531 912 793 997 rosdoslos,qui
807 915 932 979 saeculo
966 911 1264 998 ecimoquinto,&
1308 918 1433 980 tionem
1454 918 1584 998 proprie
1606 914 1783 990 contineri,
1808 932 1895 992 curn,
1909 932 1993 995 quae
2007 912 2053 989 ab

533 1002 756 1067 eiteainitiuna
768 997 885 1066 decimi
900 1000 977 1065 sexti
990 1002 1139 1079 vixerint,
1153 999 1266 1062 multis
1307 1002 1509 1068 humanitate
1526 1020 1648 1065 nomen
1667 1000 1795 1063 sortitae
1808 997 1893 1077 sunt,
1912 1000 2051 1081 litterae,

533 1086 721 1153 nominibus
734 1084 957 1169 praeferendos
974 1086 1033 1152 esse
1054 1089 1113 1166 iis,
1130 1088 1186 1171 qui
1200 1104 1264 1149 no·
1307 1090 1396 1153 viam
1412 1104 1540 1151 tantum
1553 1083 1594 1151 ad
1607 1082 1821 1150 eruditionem
1839 1104 1947 1149 veram
1972 1084 2051 1151 sols-

534 1172 596 1242 stra
612 1178 844 1239 aetateviuant.
886 1174 1107 1258 Nequeisego
1122 1172 1265 1257 sum,qui
1308 1169 1448 1257 dumque
1465 1172 1559 1236 nobis
1576 1174 1727 1237 muniant
1744 1194 1755 1245 ς
1776 1166 1952 1237 laudandae
1967 1190 2052 1325 Spq·

558 1257 661 1323 torsus
675 1260 813 1325 abnuere
823 1260 933 1339 velim,
945 1278 1015 1325 non
1026 1258 1141 1325 eodem
1149 1258 1268 1343 abique
1309 1259 1396 1326 secio
1410 1257 1530 1325 idcirco
1540 1259 1798 1342 &maximopere
1812 1276 1966 1323 commen
2034 1296 2051 1315 -

534 1282 627 1415 hasce
642 1345 761 1411 litteras
775 1346 835 1412 esse
848 1348 945 1425 loco,
959 1366 1028 1430 quo
1041 1346 1121 1410 olim
1128 1344 1271 1409 fuerunt.
1311 1343 1380 1426 dae,
1395 1366 1465 1411 non
1479 1362 1585 1410 tamen
1598 1345 1690 1423 vltra,
1702 1364 1801 1428 quam
1828 1364 1886 1428 par
1900 1340 1959 1424 est,
1973 1361 2051 1411 eue-

536 1432 627 1513 Qrin
637 1436 744 1515 potius
763 1431 877 1499 diserte
887 1430 950 1497 hoe
966 1430 1118 1516 professus
1135 1429 1218 1510 sum,
1233 1433 1269 1495 in
1312 1429 1448 1499 hendae.
1491 1429 1635 1497 Modum
1649 1452 1748 1515 porro
1758 1432 1791 1495 in
1804 1426 2053 1497 declamationi·

535 1518 881 1583 orationedelunmm
893 1520 1068 1583 litterarum
1083 1520 1270 1582 decremento
1313 1522 1372 1585 bus
1378 1519 1438 1583 suis
1446 1538 1515 1583 non
1521 1517 1647 1583 seruant
1662 1512 1810 1581 homines
1824 1518 1959 1601 queruli,
1969 1515 2050 1583 dum

537 1604 641 1692 nefins
652 1620 755 1669 nerine
767 1623 829 1669 aton
844 1622 955 1669 tancre
972 1606 1131 1669 metuendo
1140 1646 1154 1684 ,
1173 1622 1272 1688 quarn
1316 1604 1417 1671 nostri
1425 1604 1540 1671 saeculi
1548 1599 1744 1671 sterilitatem
1759 1598 2049 1689 infelicitatemque

535 1689 789 1777 Hildburghusae
801 1694 958 1770 recitaui,
985 1712 1060 1756 curn
1073 1689 1195 1757 ibidem
1215 1710 1273 1777 gy·
1312 1695 1359 1758 ita
1374 1691 1532 1770 accusant,
1551 1686 1622 1756 acii
1637 1690 1761 1773 prorsus
1782 1687 1979 1755 damnentur
1999 1710 2052 1755 re·

537 1775 697 1845 timasium
705 1772 1062 1857 illustre,aseteniss1mis
1077 1775 1273 1863 principibus
1312 1780 1504 1844 iicianturue
1519 1796 1554 1841 ac
1565 1774 2051 1845 fastidianturlitteraehumani·

539 1884 759 1943 rxursro,
781 1865 815 1932 de
830 1883 925 1931 rate.
938 1883 1173 1931 rxruanrco
1191 1882 1271 1930 con·
1313 1882 1402 1945 ores,
1415 1885 1474 1929 nec
1488 1862 1578 1928 vllibi
1599 1861 1663 1929 fere
1676 1865 1845 1948 quisquam
1858 1866 2051 1949 reperiatur,

538 1951 662 2033 ditum,
676 1949 823 2016 sollemni
843 1954 905 2017 ritu
918 1951 1167 2017 consecraretur.
1231 1944 1271 2015 Id
1312 1954 1368 2037 qui
1388 1948 1504 2015 iustum
1525 1949 1588 2014 illis
1610 1954 1749 2035 pretium
1765 1945 1898 2028 hauan
1912 1968 2053 2015 cumra-

540 2056 669 2105 tantum
682 2056 816 2103 monere
829 2037 932 2119 soleo,
945 2039 980 2104 δε
992 2041 1028 2104 in
1040 2036 1105 2123 ipsa
1117 2036 1176 2103 ista
1196 2056 1270 2101 ora·
1311 2060 1389 2104 men
1404 2036 1480 2101 hinc
1500 2032 1578 2101 inde
1592 2038 1627 2100 in
1642 2036 1776 2123 Anglia,
1786 2037 1905 2115 Gallia,
1919 2034 1974 2101 Bel
2002 2039 2052 2117 o,

539 2129 629 2191 tione
652 2128 787 2205 monui,
808 2125 847 2189 ab
862 2124 940 2204 istis,
955 2128 1011 2209 qui
1025 2120 1184 2190 eiusmodi
1193 2142 1271 2208 que·
1313 2126 1486 2191 Germania
1504 2120 1610 2187 nolito
1625 2126 1683 2188 viti
1702 2120 1821 2189 exstent
1835 2118 1947 2189 eruditi
1973 2125 2047 2201 ami,

540 2212 619 2277 telas
631 2209 785 2289 sundunt,
796 2213 958 2295 partimin
973 2232 1014 2277 eo
1026 2212 1168 2295 peccari,
1180 2206 1271 2297 quod
1312 2230 1503 2298 graecaeque
1524 2229 1561 2273 ae
1579 2208 1695 2275 sannae
1710 2209 1838 2296 linguae
1858 2206 2052 2295 peritissimi,

540 2320 589 2378 ea,
620 2293 818 2377 'uaedicunq
834 2299 991 2364 nimisexa
1034 2313 1132 2376 erent,
1139 2298 1270 2383 partim,
1316 2300 1372 2383 qui
1390 2291 1608 2382 pulcherrimis
1624 2298 1745 2379 ingenii
1765 2297 1811 2363 sui
1825 2298 2054 2363 monumentis

539 2320 629 2473 quod
642 2402 731 2449 veras
807 2386 961 2469 trinasque
980 2406 1016 2448 ca
1086 2387 1168 2451 'tatis
1180 2380 1270 2449 istius
1311 2381 1434 2450 dudum
1453 2380 1646 2461 effecerunt,
1668 2378 1832 2467 vtpplleri
1846 2380 1906 2449 smt
1921 2383 2053 2451 intelle-

539 2470 658 2539 eaussas
671 2488 726 2535 aut
758 2464 937 2551 simulent,
945 2486 1002 2536 aut
1014 2489 1084 2536 non
1092 2468 1268 2557 perspeeias
1314 2472 1394 2537 dluri
1410 2488 1530 2553 ,quam
1543 2466 1657 2535 iniusta
1671 2467 1707 2536 stt
1731 2467 1787 2535 isla
1808 2470 1923 2537 saeculi
1946 2468 2053 2541 noshu'

539 2554 692 2639 habeant,
703 2555 782 2623 hinc
793 2559 828 2626 de
840 2558 937 2645 longe
953 2559 1028 2624 alias
1036 2552 1168 2643 fingant.
1183 2557 1272 2622 Prius
1315 2556 1485 2623 accusatio.
1527 2555 1622 2631 Este,
1638 2578 1706 2621 non
1720 2553 1800 2622 adeo
1814 2577 1947 2643 magnus
1965 2554 2053 2624 sitii-

540 2642 671 2731 quidem
686 2666 723 2710 ex
736 2666 776 2711 eo
784 2643 923 2724 constat,
938 2641 1030 2729 quod
1043 2642 1198 2709 delitteris
1210 2642 1272 2709 hu·
1315 2647 1424 2709 lorum
1438 2661 1601 2722 numerus,
1615 2662 1673 2709 nec
1687 2662 1794 2712 tamen
1807 2641 1889 2711 adeo
1905 2646 2053 2730 exiguus,

539 2732 793 2798 manioribusita
800 2730 890 2815 saepe
900 2729 1272 2815 loquanturacsromnis
1314 2750 1350 2795 vt
1361 2728 1570 2797 metuendum
1586 2728 1634 2811 stt,
1649 2732 1770 2797 litteras
1783 2729 1876 2797 hasce
1896 2728 2055 2815 propedi-

540 2822 579 2886 iis
596 2818 780 2884 absoluatur
798 2814 935 2883 eniditio
947 2859 958 2897 ,
972 2813 1176 2902 philosophia
1191 2836 1274 2882 con·
1313 2840 1366 2886 ern
1374 2817 1499 2903 prorsus
1507 2815 1698 2885 ulmetum
1705 2819 1756 2883 iri.
1766 2814 1820 2883 Ad
1831 2818 1950 2884 caussas
1958 2812 2053 2903 quod

540 2923 602 2984 tra,
619 2898 804 2989 theologia,
817 2920 1000 2988 ceteraeque
1012 2903 1161 2971 scientiae
1176 2904 1211 2971 δι
1222 2922 1273 2968 at·
1314 2908 1440 2985 attinet,
1456 2922 1524 2982 cur,
1540 2904 1660 2970 litteras
1674 2900 1772 2971 hasce¹
1780 2902 1946 2989 vilipendi,
1962 2924 2055 2969 non·

540 3006 598 3069 tes,
606 2990 697 3056 nullo
705 2991 833 3077 prorsus
847 2988 1012 3056 habendae
1027 2986 1088 3055 sint
1096 2991 1184 3056 loeo,
1205 2990 1272 3055 Im-
1314 2991 1396 3059 nulli
1409 3007 1543 3077 putante
1568 3012 1638 3057 non
1659 3012 1773 3057 omnes
1794 2989 1946 3076 quidem,
1969 3010 2055 3075 quas

541 3096 599 3143 mo
610 3076 746 3143 &nimis
756 3075 851 3145 arihis
859 3073 1271 3145 limitibushtbindehuma-
1313 3076 1478 3158 adserunt,
1508 3078 1635 3163 prorsus
1657 3075 1930 3159 contemnendas,
1947 3074 2053 3143 existi·

541 3167 674 3231 niorum
693 3164 870 3231 litteranim
891 3162 1047 3229 circulum
1075 3164 1272 3229 circumseti-
1314 3185 1383 3231 mo.
1409 3164 1524 3230 Variae
1537 3163 1619 3245 sunt,
1637 3186 1696 3230 nec
1709 3167 1802 3229 vitius
1817 3166 1952 3250 generis.
1982 3162 2055 3229 Mi-

541 3254 634 3328 bunt,
647 3268 723 3315 cum
737 3248 902 3316 historiam
915 3251 957 3315 ab
970 3271 1009 3316 ea
1024 3246 1213 3329 excludant,
1228 3246 1272 3315 ad
1313 3254 1348 3321 hi
1359 3254 1461 3337 praeci
1488 3273 1528 3316 ua
1544 3250 1602 3318 esse
1615 3248 1759 3331 videtur,
1779 3250 1869 3337 quod
1913 3251 2054 3339 serique,

542 3356 672 3424 graecae
700 3338 879 3421 latinaeque
898 3336 1026 3423 linguae
1047 3338 1271 3422 cognitionem
1337 3343 1371 3406 ui
1386 3361 1451 3425 apu
1494 3358 1555 3403 nos
1579 3335 1622 3403 ad
1636 3338 1814 3407 litterarum
1835 3335 1915 3405 stu'
1957 3358 2056 3405 acce·

540 3425 653 3491 omnia
670 3421 847 3491 reserentes.
889 3418 989 3501 Hinc,
1005 3442 1080 3488 cum
1096 3440 1274 3509 negatene·
1388 3444 1418 3506 t,
1438 3423 1563 3489 vilioris
1583 3421 1781 3491 conditionis
1803 3423 1864 3491 smt
1886 3426 2054 3507 homines,

586 3526 673 3589 eant,
688 3502 970 3593 praestantishmos
981 3506 1090 3575 nostra
1105 3528 1209 3576 aetate
1221 3530 1276 3577 ex-
1318 3515 1386 3598 qui,
1403 3507 1526 3579 eumad
1533 3532 1649 3597 panem
1663 3508 1853 3578 lucrandum
1870 3512 1985 3579 litteris
2000 3514 2057 3577 in·

570 3596 660 3675 itissc,
678 3592 997 3675 &adlucexfitlere
1011 3598 1275 3682 viros,quorum
1318 3602 1491 3677 cumbant,
1512 3617 1585 3663 eam
1604 3592 1661 3665 fibi
1683 3596 1922 3685 ingrediendam
1947 3601 2056 3679 viam,

541 3680 695 3751 industria
714 3682 941 3769 philosophia,
953 3681 1116 3767 speciatim
1136 3680 1276 3773 physica,
1319 3684 1535 3771 emiseno-,per
1549 3706 1646 3771 quarn
1668 3688 1834 3771 proxime,
1851 3688 1885 3753 δι
1899 3685 1966 3754 fine
1980 3706 2055 3751 am-

542 3769 754 3856 dodlrinaque
768 3770 912 3848 moralis,
930 3766 1078 3834 mathesis
1088 3790 1211 3854 porro,-
1226 3766 1275 3835 hi·
1319 3773 1465 3857 bagibus,
1478 3768 1519 3837 ad
1533 3767 1630 3839 finem
1640 3789 1826 3858 exoptatum
1833 3770 1965 3860 perduci
1973 3790 2056 3858 que·

542 3852 701 3943 lioriaque
716 3852 942 3933 ecclesiastica,
963 3856 1089 3934 ciuilis,
1109 3854 1277 3935 litteraria,
1319 3878 1387 3923 ant.
1429 3859 1579 3943 Cumque
1592 3860 1977 3945 iispletumqueeumpau
2003 3878 2057 3926 er·

542 3940 583 4047 ad
604 3942 766 4044 summurn
787 3942 851 4009 fere
893 3936 1022 4042 erdqsla
1042 3937 1081 4006 stt
1105 3938 1277 4043 fastigium,
1319 3962 1384 4045 tate
1396 3941 1639 4044 colludendum
1651 3943 1706 4045 sita
1728 3966 1788 4011 nec
1800 3944 1856 4013 diu
1870 3882 2057 4046 admodum

541 4030 1020 4204 hlffihlllihahilt
1034 4030 1275 4201 llhsiffll
1318 4028 2057 4187 afuathalax¹alxs¹laxhbxa

544 4202 687 4268 barbarie
702 4220 809 4271 tamen
823 4206 915 4271 nobis
930 4205 1120 4269 imminente
1139 4205 1274 4289 ugubres
1318 4206 1462 4272 cessarios
1481 4250 1491 4284 ,
1511 4201 1567 4269 sibi
1589 4224 1775 4291 comparare
1794 4207 1934 4291 possunt.
1976 4208 2059 4275 Ma-

544 4284 678 4353 fundere
698 4309 791 4356 voces
810 4311 880 4357 non
901 4286 1225 4375 desmanttperinde,
1239 4310 1277 4356 ac
1316 4290 1706 4442 gqamportoscholatum
1720 4292 1780 4358 esse
1794 4298 2052 4381 corruptionem,

545 4371 696 4449 homnes
710 4373 782 4443 istae
797 4378 960 4458 scientiae,
984 4399 1021 4442 ac
1035 4396 1134 4456 artes,
1146 4396 1216 4442 non
1227 4374 1277 4443 di·
1362 4375 1405 4443 ud
1420 4381 1540 4445 inuitus
1554 4379 1683 4465 largior,
1692 4382 1867 4464 eamque&
1876 4385 1908 4445 in
1920 4404 1959 4447 eo
1968 4404 2058 4449 con-

544 4480 626 4547 gnae
641 4460 720 4540 sint,
738 4484 820 4547 quae
839 4462 1026 4531 eruditionis
1039 4466 1175 4529 nomine
1186 4467 1276 4528 veni·
1319 4464 1407 4549 spici,
1423 4462 1512 4550 quod
1527 4466 1560 4530 in
1575 4467 1612 4529 iis
1627 4464 1839 4533 adolescentes
1853 4464 1893 4533 ad
1906 4468 2059 4553 philoso-

545 4566 614 4614 ant.
657 4551 743 4615 Scire
757 4551 866 4632 potius
880 4553 941 4614 viri
951 4550 1001 4616 isli
1021 4542 1274 4635 praestantishmi
1318 4551 1440 4638 phiam,
1454 4552 1717 4639 sublimioresque
1731 4552 2060 4639 seientiasducantur,

542 4632 711 4720 debebant,
725 4638 761 4703 in
773 4632 867 4715 hisce,
883 4656 965 4723 quae
976 4640 1199 4725 ipsamlrennn
1215 4636 1274 4706 sei·
1318 4658 1400 4726 quos
1414 4637 1663 4711 humanoribus
1674 4641 1790 4711 litteris
1803 4641 2061 4799 resleimqpete,

1842 4794 1844 4799 .
1988 4751 2056 4819 nge
