5259 5967
567 704 634 801 424
808 682 945 753 LIBRI
974 682 1310 753 POSTERIORIS
1340 683 1509 755 CAPVT
1531 684 1816 756 SECVNDVM

518 884 524 895 ,
561 836 647 929 stone
669 834 766 897 trium
790 830 995 916 capitulorum
1016 829 1112 893 libros
1129 830 1201 893 ΧΠ.
1224 824 1297 891 scri·
1341 836 1431 921 tigit,
1452 854 1487 900 vt
1504 853 1732 912 fivrrclltrs,
1749 829 1998 899 Nestorianismi
2013 828 2073 899 ho-

579 923 642 1002 sir,
662 924 699 987 in
720 920 836 1005 quihus
863 918 1051 1001 cumprimis
1076 936 1127 981 ΤΗ
1138 933 1296 981 EODORI
1341 920 1394 989 stis
1408 923 1588 998 acerrimus,
1604 923 1638 985 in
1653 921 1789 985 alterum
1803 936 1983 986 extremum
1997 940 2073 1006 pro-

569 947 792 1095 hdopsuesteni
806 1006 943 1071 cauffam
955 1005 1032 1089 agit,
1045 1022 1142 1087 quem
1155 1002 1296 1068 ²b0mssi
1339 1011 1512 1086 laberetur,
1532 1026 1659 1072 naturas
1671 1010 1707 1072 in
1720 1005 1866 1088 Christo,
1913 1029 1969 1073 uas
1983 1008 2072 1093 sepa-

567 1096 743 1164 haercticae
755 1094 918 1178 prauitatis
938 1090 1009 1158 labe
1020 1089 1184 1156 absoluere
1197 1109 1294 1154 cona·
1340 1094 1606 1174 fauitNellorius‚
1625 1092 1834 1161 confundens.
1878 1028 1924 1159 lh

567 1202 632 1251 tur.
674 1177 836 1247 Nondum
853 1196 958 1245 tamen
971 1175 1049 1245 haec
1069 1178 1114 1243 ita
1129 1195 1296 1259 compara·
1338 1185 1425 1270 iique
1434 1181 1576 1249 diuturni
1587 1201 1623 1245 ac
1632 1177 1757 1263 funesti,
1772 1178 1943 1248 inecclesra
1951 1200 2070 1249 motus.

565 1289 602 1339 ta
617 1265 687 1349 effe,
700 1267 812 1346 fateor,
824 1284 860 1333 vt
874 1268 1016 1354 priorem
1032 1263 1159 1355 prorsus
1180 1262 1294 1363 labefa-
1338 1272 1579 1357 congregatum
1591 1264 1665 1334 ideo
1679 1266 1739 1333 suit
1749 1288 1874 1351 an‚449
1889 1270 2069 1337 concilium

567 1358 654 1427 &arc
677 1356 868 1424 sententiam
884 1369 1015 1439 queant.
1058 1350 1219 1435 Disputari
1240 1369 1294 1415 ve·
1337 1354 2071 1444 Ephefinumtertium‚inquo,quarationeree

564 1468 605 1515 ro
618 1447 717 1513 etiam
730 1440 769 1510 de
782 1464 822 1508 eo
839 1440 927 1522 solet,
944 1461 986 1505 an
1003 1436 1185 1525 symbolum
1198 1432 1293 1516 istud,
1336 1444 1421 1533 gesta
1442 1442 1500 1525 fit,
1531 1441 1582 1510 vel
1605 1461 1642 1508 er
1666 1463 1707 1508 eo
1734 1444 1945 1528 intelligitur,
1977 1438 2067 1530 quod

565 1529 657 1622 quod
670 1555 689 1597 a
703 1525 849 1596 Charisro
862 1524 987 1614 synodo
1008 1518 1183 1612 Ephesrnae
1203 1522 1292 1590 obla-
1336 1532 1446 1607 rmexh
1458 1526 1521 1597 fiue
1529 1530 1709 1597 latrocinale
1721 1527 1844 1597 dicium
1856 1526 1903 1595 stt.
1933 1528 2069 1595 Diosco-

505 1634 511 1644 ·
542 1670 547 1681 .
565 1638 639 1688 tum
652 1618 708 1698 est,
723 1632 786 1697 tot,
803 1632 972 1699 tantosque
986 1632 1118 1694 errores,
1143 1632 1181 1677 ac
1193 1610 1291 1697 vulgo
1338 1640 1390 1686 rus
1406 1621 1492 1685 enim
1503 1613 1752 1697 Alexandrinus,
1770 1620 1825 1703 qui
1838 1618 2066 1702 concililprae

563 1704 715 1783 creditur,
735 1704 921 1769 contineat?
944 1700 1111 1769 Reiectum
1132 1696 1204 1765 sane
1224 1717 1295 1762 non
1337 1707 1384 1773 ses
1396 1724 1473 1786 erat,
1489 1703 1604 1771 cuneta
1615 1704 1774 1771 nolenter
1787 1705 1915 1790 agebat,
1939 1702 2065 1769 absolu.

560 1809 693 1871 tantum
707 1788 766 1858 fuit
787 1811 806 1855 ²
822 1783 952 1875 synodo
971 1785 1137 1875 Ephesmat
1173 1782 1227 1852 sed
1239 1783 1294 1849 da·
1338 1812 1436 1880 toque
1444 1792 1520 1860 hinc
1529 1786 1690 1877 Eutyche,
1703 1786 1860 1860 &haeresi
1874 1793 1940 1857 eius
1950 1784 2066 1856 confir·

564 1898 713 1949 mnarum
734 1896 866 1962 quoque
892 1878 930 1943 iu
946 1876 1088 1943 concilio
1108 1870 1294 1941 constanti·
1337 1898 1440 1960 mata,
1460 1879 1646 1957 flauianus,
1668 1898 1744 1944 cum
1762 1879 1831 1944 aliis
1846 1877 2002 1962 episcopis
2015 1897 2068 1942 ca.

565 1966 764 2053 nopoutano
780 1959 929 2043 secundo,
944 1960 1033 2049 q1¹0d
1045 1961 1294 2029 oecumenicum
1337 1968 1481 2046 tholicit,
1503 1961 1726 2033 damnabatur.
1771 1967 1810 2030 ln
1833 1961 1948 2031 eodem
1962 1962 2064 2033 hocce

587 2058 715 2121 trintum
726 2046 783 2131 est,
796 2052 912 2137 inquo
931 2044 1156 2129 controuersia,
1176 2043 1217 2115 de
1233 2046 1292 2109 tri·
1336 2054 1479 2122 concilio
1497 2050 1658 2139 Eutyches
1684 2051 1864 2139 generalem
1912 2048 2064 2117 uamdam
2101 2108 2104 2113 .

562 2076 796 2225 dmapirutu,
829 2158 910 2223 quae
923 2153 973 2203 tot
991 2136 1028 2202 itt
1038 2131 1164 2203 ecclefia
1184 2132 1292 2201 turbas
1336 2131 1672 2222 fideiconselfionem,
1694 2136 1868 2206 secundum
1917 2140 2064 2206 icaenam
2084 2190 2104 2201 .

560 2225 663 2310 dedit,
718 2226 866 2291 itabatur.
908 2224 996 2289 Cum
1009 2224 1097 2290 enim
1110 2220 1231 2289 ledum
1246 2219 1291 2286 ibi
1334 2228 1525 2308 formulam,
1545 2221 1659 2306 edidit,
1678 2219 1896 2312 praetemrislis
1910 2224 2104 2303 articulis,-

563 2314 651 2394 erret,
677 2245 796 2379 2me
813 2307 956 2400 synodus
985 2310 1193 2379 exclamauit:
1233 2304 1292 2407 hof
1334 2336 1417 2404 quae
1431 2311 1474 2381 do
1549 2329 1581 2378 ta
1596 2313 1650 2377 sua
1671 2316 1800 2400 proprie
1819 2311 1981 2381 feriebant
2026 2312 2104 2375 tn.-

552 2399 1049 2491 symbolumfiztanascomposuitt
1069 2394 1290 2473 anathemet,
1333 2404 1461 2472 afflone
1485 2417 1574 2480 exta,
1592 2398 1673 2465 ledia
1687 2420 1817 2483 quoque
1832 2418 1929 2485 atque
1944 2392 2104 2465 confir·-

533 2564 536 2573 Ι
563 2490 619 2577 qui
631 2486 688 2553 hoc
690 2483 860 2575 symbolum
870 2485 1034 2570 composuit
1039 2507 1053 2563 ,-
1064 2478 1291 2569 bocffimbolum
1333 2506 1420 2557 rnata
1434 2484 1628 2555 estNicaena
1638 2483 1788 2565 formula,
1804 2501 2061 2571 cautumque,nt
2074 2504 2104 2541 =

561 2573 710 2660 prefina
720 2574 830 2725 prima
844 2574 979 2659 synodus
999 2591 1067 2637 vna
1084 2590 1153 2635 cum
1164 2571 1291 2639 cussare
1331 2572 1410 2645 fides
1438 2573 1586 2659 deinceps
1612 2589 1831 2639 exoneretur.
1887 2570 2104 2657 copiosius

562 2666 630 2729 eius
642 2678 722 2725 aaut
742 2660 937 2725 mitanis·
991 2660 1072 2725 Non
1085 2658 1289 2743 nemerim,
1332 2662 1411 2731 haec
1430 2657 1598 2728 edisserunt
1616 2658 1647 2727 h'
1676 2661 1765 2726 oriae
1781 2656 2004 2728 ecclesiasticae
2027 2658 2060 2725 dc
2082 2672 2104 2714 ‘-

415 2764 421 2776 ·
588 2766 668 2814 atres
682 2742 777 2813 huius
789 2746 919 2812 concilii
930 2740 1105 2813 odio&ira
1118 2742 1290 2830 paullove·
1332 2746 1549 2818 conciliorum
1573 2743 1779 2833 scriptores,
1811 2746 1976 2833 speciatim
2010 2765 2059 2811 10,
2100 2786 2104 2797 .

561 2770 758 2905 hememiori
769 2830 1000 2901 inNestorium
1010 2834 1206 2910 concitatos,
1220 2848 1289 2893 non
1327 2856 1383 2908 ¹1,v
1389 2855 1480 2903 nov.
1504 2852 1790 2907 HARTMANNVS
1806 2880 1817 2915 ,
1837 2833 1939 2920 histor.
1954 2830 2059 2897 concil.

560 2922 656 3003 satis,
680 2940 761 3008 quae
779 2919 942 3000 dicerent,
959 2914 1147 3005 expendisse.
1200 2916 1291 2982 Licet
1328 2920 2059 3011 parampm.&sata.aasuacrvs,in

560 3012 650 3081 enim
666 3007 766 3075 hocce
778 2999 1290 3095 syrnbolumasynodofiphefina
1331 3010 1500 3076 annalibus
1515 3006 1891 3096 politico-eccleſsasticis,
1916 3007 2059 3073 mmsis.

560 3096 716 3166 reiedlum
731 3092 786 3170 litt
806 3112 950 3161 attamen
962 3092 1133 3159 anathema
1146 3094 1183 3156 in
1195 3085 1288 3169 illud,
1326 3116 1361 3182 p.
1370 3101 1437 3179 455.
1446 3096 1494 3159 lta
1507 3113 1582 3181 ergo
1595 3114 1671 3160 cum
1686 3092 1881 3181 triumphare
1900 3092 2059 3161 videretur

560 3185 706 3253 aureius
728 3180 894 3246 auctorem
916 3180 1166 3264 pronuntiatum
1181 3174 1287 3253 fuisse,
1330 3180 2056 3267 Eutyclrianismutecongregatumfuitan451

560 3267 662 3336 adseri
678 3269 805 3351 nequit,
829 3284 905 3330 cum
915 3266 1046 3331 concilii
1058 3261 1204 3348 Ephesrni
1217 3260 1288 3327 aeta
1331 3266 1690 3337 auctoritateMmiani
1708 3272 1927 3354 imperatoris,
1947 3266 2056 3334 conci.

559 3354 626 3423 hoc
641 3373 710 3419 non
722 3349 883 3421 tellentur.
938 3350 1031 3433 Quae
1051 3349 1197 3437 symbolo
1211 3347 1288 3415 huic
1331 3356 1412 3423 num
1420 3350 1697 3433 chalcedonense,
1712 3353 1802 3440 quod
1816 3353 1860 3422 est
1872 3352 2056 3421 oecumeni.

559 3440 688 3510 obiesta
700 3437 852 3517 fuerunt,
872 3432 944 3524 post
960 3456 1012 3503 ιο.
1031 3454 1289 3504 cantantum
1332 3464 1408 3511 cum
1420 3457 1595 3527 quartum,
1617 3444 1651 3508 in
1666 3462 1733 3526 quo
1754 3438 1904 3509 damnata
1924 3438 2056 3508 tandem

561 3526 605 3599 ad
622 3529 765 3592 Marium
782 3530 1013 3604 Mercatortnt,
1033 3525 1071 3589 in
1092 3518 1287 3607 compendio
1330 3547 1426 3616 atque
1438 3526 1612 3614 proscripta
1627 3525 1670 3595 est
1693 3529 1893 3617 Eutychiana
1914 3524 2058 3600 haerefis·

556 3613 656 3685 refert
675 3632 766 3681 ΗΜ·
785 3631 1040 3693 ΒΗΜΘΙΉ,
1060 3612 1097 3676 Ῐῐὶ
1120 3607 1288 3676 mullibus
1329 3617 1368 3685 In
1382 3618 1499 3701 quinto
1510 3613 1606 3683 huius
1624 3617 1754 3682 concilii
1769 3614 1926 3696 consessu,
1940 3617 2012 3698 vel,
2024 3626 2061 3697 ut,

556 3698 846 3793 pluita-ecclpsast.
855 3701 986 3765 tomJlI.
996 3716 1029 3782 p.
1030 3702 1096 3782 356.
1103 3700 1157 3784 qui
1165 3697 1286 3793 &sum
1328 3705 1383 3771 alii
1399 3704 1533 3782 volunt,
1547 3699 1653 3782 sexto,
1674 3702 1715 3769 ab
1742 3699 1942 3788 Asclepiade,
1954 3702 2058 3770 eccle·

558 3788 773 3867 obsecraret,
793 3783 966 3870 Ephesrnos
981 3802 1084 3869 patres
1104 3782 1186 3851 nihil
1199 3776 1286 3847 ahud
1328 3786 1388 3859 stae
1403 3786 1780 3875 Constantinopolitanae
1791 3786 1948 3869 diacono,
1972 3788 2059 3856 ledia

559 3880 599 3947 in
612 3874 710 3943 hocce
722 3874 885 3961 symbolo,
908 3891 1006 3957 quam
1024 3869 1111 3956 quod
1125 3872 1170 3937 ibi
1183 3866 1223 3967 de
1236 3868 1286 3931 in·
1328 3876 1389 3943 fuit
1397 3896 1485 3942 noua
1493 3872 1566 3943 fidei
1574 3871 1739 3955 confesso,
1753 3875 1818 3955 seu,
1832 3893 1867 3941 vt
1883 3877 2057 3956 vocabant,

559 3965 755 4031 carnationis
777 3955 927 4045 mysterio
947 3956 1108 4039 habetur,
1130 3954 1286 4029 reiecisset
1327 3963 1482 4121 depastio,
1510 3984 1592 4048 quae
1618 3959 1720 4049 pridie
1743 3959 1875 4048 quidem
1900 3965 2055 4029 omnibus

557 4049 643 4125 istud
654 4070 784 4138 quoque
796 4050 842 4113 ita
858 4064 1080 4132 comparatum
1092 4042 1151 4113 elle
1158 4088 1171 4127 ,
1194 4058 1286 4109 autu·
1328 4071 1350 4138 p
1382 4067 1500 4129 encrat,
1515 4048 1809 4117 adcuratiusautem
1821 4049 1965 4135 expensa,
1973 4051 2057 4116 Leo-

559 4155 646 4219 mat,
660 4154 715 4217 vt,
735 4131 920 4202 sladfflfate
932 4137 1156 4212 ‘minctum
1178 4129 1286 4197 nullus
1328 4139 1388 4217 nit,
1403 4138 1531 4202 romani
1546 4135 1686 4223 episcopi
1699 4138 1826 4223 legatis,
1840 4137 1876 4204 dc
1888 4136 2058 4205 nonnullis

557 4218 967 4309 ibideprehendaturerrot.
989 4220 1075 4289 Cum
1083 4214 1285 4287 tamenidem
1327 4219 1748 4302 orientaliummonarrifit.
1793 4225 1914 4292 Primus
1928 4245 2060 4293 eamre·

558 4314 611 4377 vir
628 4308 744 4376 doctus
767 4304 807 4374 ad
828 4307 934 4395 ipsum
948 4326 1080 4394 quoque
1095 4303 1284 4373 Nestorium
1328 4310 1411 4398 spuit
1425 4310 1573 4389 loannes,
1587 4310 1809 4377 Germaniciae
1819 4311 1996 4397 episcopus,
2004 4308 2058 4379 di.

557 4392 772 4464 excusandum
785 4414 907 4480 pronus
919 4390 972 4477 fit,
985 4390 1285 4465 nonomuibusfor·
1329 4412 1425 4465 censa
1453 4417 1514 4461 non
1529 4397 1603 4462 bene
1615 4394 1708 4463 babet
1723 4398 1858 4484 dplnitio
1873 4443 1886 4480 ,
1899 4399 1957 4484 sed
1967 4399 2059 4465 delet

558 4498 591 4551 te
604 4479 669 4548 hoc
682 4480 889 4567 persuadebit.
1155 4534 1160 4541 .
1326 4484 1533 4572 integrefieri.
1578 4486 1669 4551 Acris
1684 4480 1760 4549 hinc
1774 4504 1844 4551 orta
1862 4486 1907 4555 est
1921 4503 2058 4553 conteu-

626 4563 1286 4657 DumNestoriihaerefisinsynodoEphe·
1328 4574 1376 4640 tio
1389 4570 1434 4651 ,el
1473 4572 1532 4637 atis
1546 4573 1672 4638 romani
1685 4568 1871 4659 pontilicis,
1893 4594 1970 4641 cum
1983 4574 2058 4641 aliis

1409 4633 1422 4653 lt

558 4652 802 4741 mauriana,
816 4650 1189 4746 pallimimpussnabattu.
1203 4674 1284 4727 con·
1327 4659 1405 4748 quib
1527 4654 1834 4741 ,isiamformulam
1854 4658 2059 4751 repudianti-

1927 1096 2070 1174 ncnoui,

1982 4748 2059 4835 bus,
