5259 5967
682 710 746 777 DE
771 712 947 791 MEDHS,
971 710 1125 793 QVIBVS
1148 712 1437 779 THEOLCGIAE
1459 713 1643 780 lrdssnvs
1668 712 1981 779 CCMI’ARA'IVR.
2048 720 2088 780 61

557 875 567 918 1
587 846 726 919 fiteuet'r
741 852 833 931 sunt,
850 854 972 919 incauti
985 856 1128 933 iuuenes,
1143 849 1296 933 ostendet,
1343 872 1455 917 trux.
1477 872 1683 918 rrcnrrvs
1704 852 1866 940 loquitur,
1892 858 1948 938 qui
1971 856 2005 921 dc
2019 853 2081 921 alia

558 872 721 1025 deumque
736 940 773 1005 in
786 938 871 1007 hisce
884 942 1037 1007 omnibus
1051 938 1222 1027 praeferet,
1246 936 1297 1011 di·
1341 934 1483 1005 eiusdem
1500 942 1622 1025 generis
1646 936 1752 1020 addit,
1773 943 1805 1005 in
1826 959 1947 1003 arcane
1958 940 2079 1024 studio-

558 1022 799 1113 dgmdaperiti
814 1023 965 1113 magistri.
1027 1025 1177 1106 Accedit,
1196 1022 1296 1112 quod,
1340 1046 1410 1089 reem
1429 1026 1587 1107 methodo,
1603 1025 1657 1093 lilr.
1671 1032 1696 1093 1.
1711 1048 1736 1093 c.
1751 1032 1789 1091 X.
1799 1046 1832 1112 p.
1843 1048 1889 1090 er.
1933 1028 2003 1091 Nec
2018 1025 2079 1107 est,

560 1114 612 1199 qui
626 1108 697 1179 line
710 1109 865 1199 magistro
875 1112 981 1199 sapere
994 1118 1139 1202 cupiunt,
1153 1108 1296 1179 haudra·
1365 1109 1431 1179 uod
1451 1120 1642 1179 introitione
1658 1111 1819 1199 quosdrnr
1841 1134 2008 1198 opponas,
2023 1115 2078 1199 qui

561 1202 688 1265 ruuitia
722 1197 861 1267 uaedam
876 1198 1296 1287 imbibant,quaededisce-
1340 1134 2079 1287 dnemagistro‚suaitaprofeceruntindustrie,

540 1221 738 1353 ·redifficle
753 1284 932 1353 admodum
950 1288 1012 1354 illis
1025 1286 1080 1370 est,
1097 1291 1205 1370 etiam,
1219 1308 1296 1353 cum
1340 1304 1375 1353 vt
1387 1308 1542 1373 magnam
1557 1286 1747 1354 eruditionis
1761 1287 1889 1354 laudern
1907 1288 2078 1373 conlique-

562 1394 595 1441 α
611 1369 821 1441 detestantur.
887 1372 1062 1443 Solimdini
1097 1396 1237 1463 namque
1260 1374 1296 1441 dc
1340 1391 1460 1441 rentur.
1504 1372 1704 1458 Qtodenim
1741 1373 1920 1454 uibusdnrn,
1947 1376 2079 1461 ingenio

559 1458 862 1529 tmbneadsuetiin
874 1462 979 1531 lucent
990 1460 1054 1531 fere
1067 1460 1296 1549 nonsrnepue-
1339 1461 1466 1550 prorsus
1484 1458 1632 1549 singulari
1645 1485 1720 1549 prae
1746 1463 1818 1543 tis,
1836 1462 1967 1527 feliciter
1980 1455 2077 1539 cellit,

560 1544 768 1635 ruiquadam
780 1547 994 1635 trepidatione
1004 1548 1183 1638 prodeunt,
1197 1551 1296 1636 perti-
1339 1547 1373 1617 id
1408 1551 1441 1615 ui
1463 1545 1518 1615 srbi
1539 1572 1670 1637 quoque
1685 1547 1807 1629 statim,
1830 1546 1943 1616 iisdem
1957 1550 2079 1635 ingenii

562 1654 710 1725 mcesqu
758 1638 855 1705 ue&
874 1638 1296 1725 arrogantetvtpluriruurn
1339 1639 1401 1705 viri
1423 1658 1459 1703 us
1473 1638 1607 1702 minime
1617 1634 1780 1723 praedito,
1796 1633 1990 1702 imitandum
2003 1656 2075 1702 cen-

562 1656 817 1805 waduufflum
838 1728 952 1791 omnia
970 1722 1028 1792 srbi
1046 1724 1120 1791 solis
1140 1725 1296 1804 tribuunt,
1340 1724 1427 1804 seret,
1442 1744 1592 1811 magnam
1610 1724 1697 1792 haud
1713 1722 1807 1791 dubie
1835 1720 1947 1789 iudicii
1962 1720 2077 1809 prode-

562 1804 735 1897 quodaliis
750 1809 1050 1897 acceptumfetant,
1072 1810 1185 1877 senon
1200 1807 1297 1879 lrabe-
1340 1830 1388 1879 ret
1399 1812 1660 1879 imbecillitatem.
1705 1818 1815 1881 facere
1836 1830 1981 1896 nequeo,
2002 1814 2081 1896 quin

562 1918 596 1965 te
614 1943 625 1978 ,
652 1894 714 1965 fibi
743 1894 975 1987 persuadentes.
1041 1895 1103 1965 Sed
1120 1899 1222 1984 magis
1250 1912 1297 1964 et·
1341 1918 1461 1966 oter.
1475 1920 1669 1967 unvnnrr
1684 1904 1745 1971 hnc
1760 1895 1799 1964 de
1814 1919 1847 1963 re
1860 1918 2081 1982 repetamver·

563 1988 627 2053 iarn
643 1986 723 2052 viua
738 2003 804 2051 vox
817 1988 965 2053 utimum
982 2003 1113 2066 mouet,
1129 2005 1229 2072 quarn
1244 1985 1296 2051 lit·
1340 1986 1396 2065 ba,
1424 1983 1479 2054 etlt
1503 1986 1578 2051 alibi
1600 1991 1667 2055 ianr
1687 2014 1706 2057 a
1730 2006 1783 2050 me
1808 1987 1952 2051 recitata:
1977 1987 2080 2064 Licet,

564 2092 629 2139 tera
642 2072 785 2159 scripta,
804 2070 882 2139 hinc
905 2074 1174 2141 &attentionem
1272 2074 1279 2085 '
1339 2072 1452 2137 multos
1465 2072 1539 2137 olim
1551 2080 1627 2135 deest
1638 2083 1743 2142 tenne
1755 2073 1999 2159 repertosfurffe,
2017 2090 2081 2135 note

564 2162 697 2234 excitat3
714 2158 874 2246 altiusque
893 2162 930 2226 in
952 2162 1098 2225 animum
1127 2092 1299 2238 desctetffi
1343 2161 1502 2246 spuerem,
1523 2156 1642 2244 quisue
1661 2158 1823 2246 indtnlrin,
1842 2159 1957 2223 nullius
1977 2157 2082 2223 adiuti

566 2241 720 2332 efficitque
734 2242 832 2327 adeo,
844 2263 880 2311 vt
903 2248 999 2333 longe
1015 2246 1147 2326 redint,
1164 2243 1300 2311 facilius-
1342 2244 1522 2333 ministerio,
1538 2243 1616 2310 illud
1629 2244 1723 2308 etiem
1738 2248 1836 2311 dicere
1846 2242 1964 2331 poffinr,
1979 2247 2081 2329 dequo

568 2354 647 2421 que,
658 2354 735 2419 quae
749 2330 864 2401 cadem
869 2352 1110 2419 proponuntur,
1122 2334 1300 2420 capiantur.
1335 2337 1371 2416 se
1387 2328 1727 2400 sanctasanctorum
1737 2333 1866 2418 quidam
1873 2334 1957 2417 ,opud
1969 2338 2082 2397 Home-

565 2422 720 2487 lamolr'tn
733 2418 800 2487 hoc
821 2418 976 2509 perspexit
989 2440 1173 2486 tuturus:
1188 2422 1298 2500 Dices,
1344 2440 1433 2486 rum:
1455 2439 1552 2484 exme
1566 2416 1625 2500 ipso
1641 2419 1763 2485 edoldus
1774 2423 1864 2503 fiam,
1886 2442 1981 2505 neqtte
1999 2420 2083 2484 alius

562 2507 660 2576 babeo
674 2506 739 2590 dic,
750 2528 829 2595 quos
840 2506 938 2593 legam
946 2552 959 2589 ,
975 2528 1038 2573 non
1048 2508 1152 2572 minus
1165 2506 1300 2590 disertos.
1343 2506 1434 2588 mibi,
1446 2505 1510 2591 nist,
1519 2510 1616 2584 Deus,
1631 2509 1728 2570 menti
1738 2509 1902 2591 animoque
1918 2524 1965 2571 tot
1977 2526 2083 2571 nume-

562 2598 686 2663 Ets'atttt
696 2593 754 2678 sed
767 2594 887 2683 legettdi
891 2597 1012 2680 semper
1024 2593 1135 2679 occasto
1148 2592 1198 2681 est,
1211 2592 1300 2659 audi-
1344 2596 1427 2678 rosas
1439 2592 1553 2658 indidit
1559 2592 1747 2673 concinnes,-
1755 2594 2009 2677 quemadmodum
2018 2597 2081 2657 He·

564 2682 635 2749 endi
649 2702 713 2747 ron
718 2682 849 2767 fhrper.
901 2686 1069 2748 Praeterea
1079 2679 1302 2767 multomagis,
1345 2681 1474 2747 raclitut
1487 2677 1643 2764 Ephesius,
1660 2701 1748 2765 quem
1763 2696 1877 2745 narrat
1896 2678 2082 2745 Plutarchus

564 2786 602 2837 rt
616 2766 706 2855 uulgo
717 2768 847 2850 dieitur,
862 2768 936 2833 eiua
949 2789 1008 2835 rore
1020 2768 1135 2855 adficit.
1158 2772 1245 2835 Nam
1263 2766 1301 2831 li-
1344 2769 1428 2836 nullo
1442 2769 1659 2833 commonicare
1673 2769 1713 2838 εἴ
1726 2766 1994 2854 commonstrntore
2007 2764 2081 2851 pbi-

565 2854 828 2943 cetacn'erafint,
842 2876 923 2941 quae
935 2856 1028 2943 legas,
1042 2856 1139 2921 altius
1150 2874 1255 2921 tamen
1267 2855 1301 2919 in
1346 2854 1511 2941 Iosophiam
1532 2873 1653 2919 amnem
1671 2856 1856 2942 percepisse,
1885 2859 1923 2927 cd
1940 2853 2084 2921 Manlius

564 2940 1301 3029 nemesim,quaepronterttiatio,sulcanda·
1346 2964 1434 3028 eques
1449 2945 1560 3026 [αὕτη
1580 2939 1624 3024 (ſs
1649 2943 1749 3007 Plinio
1773 2943 1970 3023 credendum)
1997 2940 2084 3005 nullo

564 3026 874 3119 bitus,gsylusett'am
884 3030 1025 3111 dicentis,
1041 3030 1085 3093 ad
1099 3031 1160 3116 git,
1175 3028 1303 3101 &cirin
1341 3045 1525 3115 praeeunte,
1547 3025 1749 3114 doliiffimus‚
1780 3032 1819 3100 ω’
1836 3031 2008 3115 Apuleius,
2030 3028 2085 3113 qui

564 3120 607 3183 11.
619 3138 667 3203 ep.
679 3120 741 3184 111.
755 3118 887 3183 Notum
900 3138 1031 3203 quoque
1113 3114 1194 3184 illud
1215 3136 1303 3182 utu·
1345 3117 1403 3183 hoc
1418 3115 1455 3180 de
1465 3117 1499 3200 st
1514 3116 1622 3199 prodit
1634 3118 1738 3200 primo
1752 3117 1958 3200 fibularum,
1971 3116 2083 3200 Epicu·

566 3224 759 3285 uonrrtr,
806 3196 1174 3291 allrmquecelebratur:
1199 3202 1304 3267 Habet
1346 3222 1458 3289 rusque
1467 3201 1620 3268 acdtuerrte
1635 3202 1732 3268 Tullio
1739 3248 1751 3285 ,
1775 3204 1814 3274 (θ’
1835 3203 1985 3292 Virgilius
2007 3203 2084 3285 rese-

563 3292 655 3375 ttefiio
671 3292 753 3379 quid
775 3224 901 3356 demere
919 3292 1060 3377 energiae
1080 3292 1154 3357 vitea
1173 3311 1251 3369 rox,·
1265 3287 1304 3360 θ’
1347 3307 1432 3356 rente
1445 3288 1629 3373 Perrarchc,
1647 3292 1686 3361 (d
1696 3291 1817 3355 demum
1834 3292 1925 3357 dinus
1942 3286 2086 3375 Arrgussi-

563 3380 597 3443 t‘tt
609 3399 704 3443 aures
714 3378 855 3463 discipuli
866 3378 903 3442 de
915 3378 1052 3443 audieris
1072 3397 1127 3443 ore
1143 3376 1304 3461 mansjfufic
1346 3400 1422 3458 nus,
1434 3378 1489 3462 qui
1506 3376 1558 3440 lib.
1577 3373 1785 3462 conseffionum
1797 3378 1973 3463 glorietur,
1990 3378 2088 3461 semet

553 3466 788 3551 seniusfottat.
847 3464 933 3530 Vnde
947 3465 986 3534 td
1004 3464 1187 3546 definires,
1209 3482 1304 3549 quum
1347 3466 1441 3550 ipstsm
1454 3464 1857 3549 legisseliberalitemartt'trrn
1870 3465 2025 3546 lidron&
2037 3466 2086 3527 in-

563 3550 893 3632 moderamen&
905 3550 931 3615 le
950 3567 1053 3614 eretur
1063 3550 1119 3616 illa
1131 3548 1304 3637 Demosthe·
1346 3550 1504 3637 tellexrffe5
1526 3549 1693 3637 rtcstrisqtre
1711 3552 1857 3636 stmiliter
1882 3551 2087 3641 temporibus,

562 3642 612 3705 nit
633 3642 754 3719 oratio,
774 3658 871 3724 quam
953 3638 1034 3720 etstes
1056 3658 1125 3703 esem
1138 3638 1303 3716 babuerat,
1346 3638 1453 3704 multis
1469 3658 1617 3725 emergere
1642 3640 1757 3723 alesque
1771 3657 2004 3724 praeceptorum
2018 3657 2089 3721 ope-

562 3726 755 3793 ntc'rants'lrus
767 3726 889 3791 emetis
910 3740 1004 3812 atque
1016 3724 1235 3805 medentibus,
1249 3725 1303 3805 fie-
1348 3747 1398 3807 ra,
1413 3727 1585 3812 contigerit,
1594 3743 1628 3790 rt
1637 3729 1725 3790 Petro
1732 3731 1830 3791 Remo
1840 3728 1875 3792 in
1878 3723 2090 3811 philosophiae

550 3814 757 3899 spiramat't:
795 3808 895 3897 uidfi
903 3812 1000 3896 ipsam
1010 3810 1307 3900 sudifflttisbestiam
1350 3812 1465 3893 (indiis,
1480 3818 1606 3877 Mureto
1620 3816 1652 3877 in
1666 3829 1735 3878 arte
1749 3814 1901 3893 oratorio,
1923 3807 2088 3875 Guilielmo

551 3902 624 3985 sua
634 3898 726 3965 rerba
738 3920 772 3964 re
799 3898 955 3965 mntem?
967 3890 1049 3986 epifi.
1060 3904 1096 3963 L.
1112 3920 1194 3987 quae
1199 3901 1306 3982 secten-
1349 3898 1474 3985 Postello
1489 3900 1524 3964 in
1541 3900 1718 3986 lirmucrum
1726 3920 1805 3984 pene
1819 3901 1974 3979 omnium,
1988 3896 2090 3961 ebrai-

564 3984 616 4051 da
631 3980 923 4066 eliadPaulinum,
936 4002 1013 4049 tom.
1038 3990 1099 4052 IV.
1119 4006 1201 4073 oper.
1217 4001 1305 4069 part.
1349 3989 1606 4071 caeprnesersr'm,
1621 3992 1802 4074 cognr'tione,
1822 3987 1945 4051 Cuiucio
1953 3986 1987 4048 in
1995 3982 2089 4049 iuris·

561 4070 866 4157 lapso-edero.
885 4092 1176 4140 recurrentur.
1198 4072 1306 4138 Habet
1344 4074 1530 4159 prudentiae
1549 4077 1665 4139 notitia
1676 4121 1689 4156 ‚
1723 4072 1863 4158 Philelplr
1902 4074 2031 4157 denique
2049 4090 2089 4133 ac

563 4158 712 4245 denique
723 4154 887 4240 isrffitutio,
927 4180 987 4225 uae
1003 4162 1167 4226 viuavoce
1205 4161 1303 4245 erogi-
1350 4161 1471 4226 Burdeeo
1485 4164 1518 4224 in
1541 4162 1683 4226 omnilrus
1701 4160 1880 4226 humaniori
1901 4181 1938 4225 us
1957 4158 2069 4227 litteris
2076 4182 2088 4235 ,-

561 4264 629 4327 tur,
642 4242 749 4311 hocce
763 4181 992 4328 commodum,
1001 4244 1100 4333 quod,
1116 4182 1308 4333 quidocent,
1352 4248 1432 4329 iicet,
1447 4251 1593 4332 inqrccm,
1602 4250 1709 4335 plnres¹
1719 4248 1956 4334 aliifirasponte
1976 4249 2015 4319 θ’
2031 4267 2089 4312 na-

562 4354 626 4402 m
639 4350 791 4399 mammo
804 4336 953 4418 temporis
965 4332 1110 4415 infinum
1121 4332 1308 4419 nmirumef·
1350 4353 1435 4415 tura,
1464 4336 1562 4400 bonas
1577 4339 1616 4407 ὅ
1627 4334 1742 4399 multus
1755 4353 1840 4401 artes
1855 4339 2017 4422 potuerint
2036 4332 2092 4397 ad·

547 4419 731 4509 fundunt,
779 4420 866 4505 quod
907 4418 1068 4506 longffmo
1098 4420 1308 4507 plurimorum
1350 4422 1460 4505 discere
1466 4445 1478 4501 ,-
1491 4423 1614 4486 breuius
1626 4438 1730 4485 tamen
1743 4421 1802 4489 hoc
1812 4425 1873 4487 iter
1886 4422 1949 4488 illis
1961 4424 2037 4507 sore
2050 4416 2089 4491 l?

557 4528 720 4575 memus
767 4507 876 4573 labore
922 4524 1171 4588 coaceruarurtt,
1214 4524 1308 4594 atque
1351 4508 1601 4594 compendiestus‚
1620 4511 1739 4594 fi’mper
1760 4509 1957 4599 existimaui,
1978 4507 2091 4594 quibus

557 4594 622 4665 hoc
661 4594 748 4660 nullo
800 4590 900 4681 nestro
944 4594 1078 4676 labore,
1134 4614 1308 4683 magnaque
1345 4612 1558 4683 praeceptores
1578 4596 1695 4681 aliqui,
1707 4597 1819 4680 stadem
1828 4596 2087 4683 praemonstrato-

557 4704 630 4753 Μ
642 4683 750 4751 animi
766 4678 864 4769 nostre·
881 4680 1038 4771 receptare
1042 4725 1057 4767 ,
1076 4683 1249 4772 contingitj
1271 4700 1309 4753 vt
1350 4682 1579 4840 rtsstuffotum
1599 4686 1638 4757 ὅ
1652 4688 1775 4751 comites
1793 4687 2007 4772 adiunguntur
2025 4676 2090 4750 &c-

1506 4786 1523 4851 3
2053 4784 2088 4833 m
