5259 5967
539 748 605 827 536
801 742 939 813 LIBRI
984 740 1335 813 rosistioitis
1370 738 1543 813 crevi
1578 738 1823 813 TERTIVM

529 884 671 969 scriptis,
685 902 819 967 quorum
825 881 1167 969 ulleniignoranmr,
1182 880 1281 944 addir-
1327 875 1366 945 ad
1382 877 1452 947 adra
1468 881 1606 965 genuina
1620 901 1637 942 a
1654 877 1766 963 spuriis
1780 874 2005 955 discernenda,
2018 872 2059 943 uli

540 986 673 1047 cuntur,-
696 970 829 1037 &arsin
836 972 895 1033 111.
910 964 950 1035 de
956 968 1135 1055 testimoniis
1148 990 1186 1030 ex
1193 966 1282 1031 libris
1326 965 1412 1045 sunt,
1427 964 1482 1031 sub
1492 984 1624 1034 examen
1638 981 1780 1045 reuocet,
1794 964 1829 1031 dr
1844 966 1933 1030 varia
1946 982 2059 1031 contra

538 1052 715 1141 apocryphis
729 1070 786 1121 sur
795 1054 947 1141 stispedlr's,
966 1055 1058 1121 uelde
1069 1056 1181 1141 quibus
1192 1054 1281 1116 dubi·
1325 1075 1377 1121 eas
1394 1051 1515 1131 dubia,
1535 1072 1603 1117 non
1624 1054 1733 1139 magni
1752 1051 1863 1137 vtique
1882 1052 2059 1119 maximam

539 1160 640 1221 tatur,
654 1142 829 1229 depromis,
843 1144 1067 1227 quibusoam
1070 1142 1225 1225 patresad
1221 1143 1280 1227 fa·
1323 1158 1448 1229 partem
1460 1142 1636 1215 momenti,
1655 1156 1798 1206 moueat.
1843 1138 1938 1223 Quae
1949 1138 2060 1227 di'fflrt.

541 1234 594 1297 aa
615 1228 768 1317 quaedam
804 1229 945 1295 robanda
965 1228 1011 1315 rifi
1022 1230 1109 1307 seint,
1129 1224 1279 1313 disputat,
1325 1232 1362 1296 V.
1374 1248 1405 1313 p.
1413 1228 1551 1311 ustoq.
1564 1244 1676 1292 contra
1692 1246 1803 1293 iticir.
1818 1245 1888 1291 siii
1898 1246 1995 1293 ortis
2012 1246 2058 1295 re·

541 1336 613 1382 non
624 1314 725 1383 aliurn
740 1246 852 1385 itidem
867 1312 923 1383 fibi
938 1312 1150 1383 constitutum
1162 1313 1278 1381 hibere
1320 1317 1410 1405 gulas
1424 1317 1569 1393 criticas,
1600 1312 1640 1378 ad
1659 1334 1795 1399 quarum
1809 1309 1947 1380 duslurn
1962 1312 2057 1381 adcu-

539 1401 670 1471 uidetur
682 1396 798 1483 finem,
819 1424 929 1491 quom,
946 1421 981 1467 tt
995 1398 1156 1489 significet,
1174 1402 1277 1467 inulta
1320 1405 1421 1470 ratior
1432 1401 1602 1489 scripturae
1614 1399 1718 1466 sicrae
1734 1395 1853 1478 versio,
1870 1418 1971 1487 quain
1989 1402 2057 1467 reli·

540 1508 689 1561 temesea
706 1492 823 1556 criticis
841 1493 877 1555 in
892 1486 1027 1555 dubium
1042 1506 1174 1568 vocata,
1194 1508 1276 1574 quae
1320 1488 1500 1579 quaesunt,
1516 1508 1597 1573 quae
1613 1485 1774 1572 hucusque
1788 1486 1894 1553 lucem
1910 1485 2057 1575 adspexe-

540 1582 577 1649 In
587 1572 754 1663 pristinum
770 1572 932 1663 dignitatis
949 1576 1070 1655 locum,
1087 1572 1224 1643 simodo
1239 1570 1276 1641 fi·
1320 1595 1408 1659 runt,
1417 1570 1535 1643 confici
1548 1592 1653 1660 queat,
1663 1570 1790 1653 disserit,
1800 1577 1974 1657 mittimus,
1983 1596 2055 1643 cuni

538 1666 587 1733 eri
602 1658 729 1749 posset,
748 1660 868 1729 restitui
889 1663 996 1729 vellet.
1071 1662 1179 1748 Atque
1200 1659 1276 1727 hine
1320 1662 1414 1731 huius
1426 1662 1491 1729 loci
1506 1681 1575 1727 non
1588 1656 1658 1728 sint.
1703 1659 1891 1746 Insequenti
1899 1664 2055 1749 sextariis}

540 1748 683 1837 adparet,
696 1749 849 1837 quorsum
859 1746 992 1815 tendant
1005 1746 1275 1815 considerationes
1311 1751 1583 1835 scrnrrionrinitio
1591 1749 1811 1833 conqueritur,
1820 1750 1953 1817 criticos
1959 1772 2053 1837 quos·

539 1836 736 1927 regularum,
750 1856 831 1921 quae
846 1836 1084 1903 eiconiesluris
1097 1834 1275 1915 sumuntur,
1320 1837 1394 1906 dani
1404 1835 1531 1902 artesua
1543 1832 1585 1899 ad
1598 1832 1851 1903 labefadlandam
1864 1836 2052 1925 religionem

540 1916 1142 2013 quibusuecriticisaepissimevtnntun
1154 1923 1274 1990 intuitu
1320 1921 1482 1993 interdum
1495 1922 1565 1988 vsos
1583 1921 1644 1990 elle
1660 1945 1671 2000 ς
1701 1920 1791 2008 quod
1804 1942 1923 2009 negare
1938 1924 2053 2005 nolim,

539 2008 692 2083 historiae
699 2006 1178 2097 ecclesiasticae&scriptorum‚
1193 2028 1275 2095 quae
1320 2014 1355 2081 dt
1369 2014 1504 2079 minime
1515 2029 1643 2095 quoque
1659 2006 1875 2090 laudandum,
1897 2007 1954 2077 nifi
1967 2010 2053 2080 sorte

540 2096 685 2187 patribus
692 2096 888 2177 tribuuntur,
896 2094 935 2163 de
942 2098 1058 2182 quibus
1066 2096 1208 2187 difflertat.
1216 2098 1274 2161 111.
1318 2095 1496 2188 superstitio
1512 2097 1673 2182 religionis
1689 2101 1822 2165 nomine
1836 2114 1867 2164 te
1887 2116 1964 2165 arur.
1986 2099 2049 2163 Ce-

537 2180 730 2263 verbasacit,
746 2182 1079 2271 &quaedqfaercllas
1096 2179 1276 2251 eciatiinde
1318 2203 1384 2254 tera
1401 2208 1440 2251 eo
1462 2182 1619 2263 redeunt,
1639 2182 1752 2269 scripta
1772 2204 1836 2269 qua
1878 2204 1931 2253 am
1948 2184 2047 2271 vulgo

539 2205 1109 2361 regulis&usuartiscriticaeinaesis
1123 2272 1274 2355 antiquo·
1318 2294 1378 2360 pm
1394 2272 1427 2338 sil
1455 2268 1601 2357 posiiiriis
1623 2268 1753 2350 haberi,
1776 2294 1859 2358 quae
1876 2290 1987 2341 tamen
1998 2292 2050 2359 ge·

539 2378 615 2427 sum
632 2374 814 2445 martyrum
830 2354 957 2425 disserit.
1011 2355 1049 2426 Id
1064 2378 1204 2443 namque
1218 2353 1275 2423 sibi
1319 2295 1499 2430 nuinadnti
1513 2354 2049 2446 &quaedamquaegenuiuasiinn

542 2444 655 2514 datum
675 2440 878 2515 crediderunt
890 2446 951 2511 viri
975 2445 1061 2511 inter
1074 2442 1275 2513 romanenses
1318 2444 1493 2515 secundum
1511 2445 1633 2529 regulas
1648 2447 1835 2512 criticorum
1849 2450 1936 2515 intes
1948 2447 2049 2534 spuria

539 2526 724 2612 elofflffimi,
737 2550 772 2597 vt
784 2532 854 2597 aeta
862 2550 1040 2617 martyrum
1053 2527 1275 2599 sinceraafal·
1318 2536 1405 2623 posse
1427 2530 1556 2605 rer'erii;
1584 2551 1707 2618 porto,
1729 2530 1906 2600 secundum
1927 2531 2048 2603 easdem

540 2616 580 2688 fis
598 2616 746 2685 adcurate
766 2616 1001 2699 discernerent,
1024 2620 1058 2684 ἀ
1071 2616 1217 2696 fabulas,
1237 2635 1274 2681 ac
1317 2624 1504 2689 criticorum
1518 2615 1729 2703 reguiasfaoa
1742 2614 1913 2687 certissima
1921 2620 2045 2709 possein

541 2722 728 2777 commenta
755 2706 945 2783 innumera,
968 2706 1084 2793 quibus
1115 2700 1274 2771 eiusmodi
1316 2707 1451 2777 dubium
1468 2710 1599 2785 vocari,
1623 2709 1743 2773 incerta
1761 2726 1877 2776 eontra
1894 2727 1953 2777 aut
1966 2708 2046 2783 salsa.

539 2792 611 2861 adia
627 2790 862 2856 commaculata
875 2807 977 2873 erant,
991 2812 1055 2877 ope
1063 2790 1139 2857 artis
1146 2792 1275 2857 criticae
1318 2818 1378 2866 ceu
1392 2790 1585 2861 verosimilia
1601 2789 1727 2859 defendi
1742 2815 1751 2867 s
1780 2796 1815 2863 dt
1832 2796 2044 2883 quaeresque

541 2876 758 2965 exploderent.
802 2876 1072 2963 Hoeipsumvero
1085 2895 1273 2944 iioisoitio
1316 2884 1389 2951 sunt
1402 2877 1544 2949 eiusdem
1561 2885 1680 2967 generis
1696 2904 1707 2956 ς
1733 2881 1767 2945 iii
1780 2884 1897 2968 quibus
1912 2886 2044 2971 plutima

538 2964 651 3037 nostro
669 2986 719 3033 ur
741 2984 902 3033 sisere
917 2985 1052 3031 minii
1068 2962 1275 3049 valdedispli·
1316 2968 1490 3054 sunt,quae
1498 2964 1619 3033 facilius
1632 2965 1792 3049 dicuntur,
1801 2990 1902 3056 quarn
1910 2974 2046 3057 proban.

539 3075 627 3137 cere,
643 3052 714 3119 satis
729 3054 839 3134 exiis,
856 3071 937 3141 quae
952 3050 991 3117 de
1013 3049 1172 3117 eiusmodi
1193 3050 1272 3116 aetii
1315 3073 1387 3133 tur,
1410 3078 1450 3122 eo
1463 3070 1571 3121 autem
1584 3054 1699 3121 cundia
1713 3056 1902 3139 collineant,
1916 3078 1953 3125 vt
1966 3060 2043 3139 luce,

540 3140 697 3226 disputat,
717 3140 917 3225 intelligitur.
970 3135 1078 3204 Modo
1093 3140 1181 3204 enim
1193 3136 1273 3222 ipse·
1314 3164 1414 3231 quani
1426 3162 1476 3206 ars
1491 3142 1597 3207 critica
1612 3144 1739 3222 atnilit,
1758 3140 1912 3211 exllinda
1923 3190 1936 3227 ,
1958 3148 2044 3233 igno·

538 3244 606 3295 met
627 3229 736 3302 Varia,
756 3244 838 3307 <luae
851 3226 886 3288 1¹¹
906 3242 1056 3289 THEOD·
1076 3244 1172 3291 RV¹N
1181 3243 1273 3289 ARTI
1317 3233 1439 3298 santiae
1452 3230 1486 3299 &
1503 3230 1707 3313 tenebrarum
1721 3250 1855 3317 regnum
1869 3234 1987 3299 itenim
1998 3252 2043 3299 re·

539 3316 619 3381 attis
636 3313 810 3393 primorum
826 3324 997 3393 martyrum
1008 3308 1135 3395 finceri's
1154 3310 1273 3393 &fist-
1315 3316 1472 3385 stituatur.
1517 3316 1624 3381 Immo
1636 3314 1768 3382 tandem
1783 3319 1816 3382 in
1826 3317 1894 3403 ipsa
1910 3338 1976 3387 arte
1987 3320 2043 3387 cri·

539 3400 599 3469 tiis
611 3393 773 3476 desideret,
790 3392 846 3462 fibi
862 3395 1107 3463 inuenissevisus
1123 3396 1187 3473 est3
1202 3417 1271 3461 mo·
1314 3408 1390 3483 tica,
1405 3402 1586 3487 scriptisque
1596 3424 1635 3468 eo
1647 3403 1874 3487 spedlantibus,
1884 3402 2040 3473 multaad·

540 3484 604 3563 do,
624 3481 798 3549 secundum
815 3503 908 3547 init.
931 3504 1129 3549 iiiiiiim
1152 3484 1273 3571 regulas
1314 3490 1390 3571 huc,
1403 3509 1544 3576 quaeaut
1561 3490 1721 3559 emendari
1735 3489 1890 3572 debeant,
1911 3512 1966 3559 aiis
1979 3514 2039 3560 ma·

540 3574 663 3640 criticas
675 3567 992 3657 quaedamadhucex
1003 3573 1042 3635 iis
1056 3568 1269 3649 rescindenda,
1315 3583 1419 3647 iorem
1431 3586 1553 3648 ἀκρίβειαν
1566 3574 1748 3655 defideieiit,
1765 3581 1927 3661 inueniri,
1945 3576 2040 3647 eriisli·

540 3658 708 3734 obseruate
731 3653 845 3739 modo,
861 3655 1034 3723 secundum
1048 3659 1170 3744 regulas
1185 3659 1268 3721 criti·
1314 3684 1381 3731 mat
1397 3688 1406 3740 ς
1433 3661 1574 3749 dumque
1587 3658 1629 3730 ¹de
1647 3668 1790 3745 rarione,
1812 3688 1878 3752 qua
1892 3670 2039 3733 omnibus

539 3769 591 3815 cas
613 3763 900 3815 Tltieuotirii
916 3740 1074 3830 quaedam
1087 3749 1121 3810 in
1141 3744 1268 3829 suspici·
1313 3746 1532 3818 incommodis
1546 3750 1679 3816 obuiam
1693 3755 1732 3818 iri
1746 3773 1854 3838 queat,
1872 3754 1915 3822 esl
1927 3754 2038 3819 sollici-

537 3853 648 3910 onem,
662 3854 699 3897 ac
712 3826 937 3917 sisupposititia
954 3828 1026 3910 sint,
1041 3829 1156 3898 adduci
1170 3829 1268 3917 posse,
1312 3858 1388 3918 tus,
1416 3833 1624 3903 traditionem
1643 3840 1678 3906 dc
1692 3840 1882 3906 consensum
1897 3838 2038 3909 eeclesiae

538 3918 714 3988 contendit.
759 3921 790 3985 Si
800 3919 869 4003 quis
878 3938 954 4005 ergo
971 3938 1177 3989 iiiuinri
1196 3922 1269 3984 alia
1311 3928 1450 3992 maxime
1462 3922 1687 4008 commendat,
1706 3944 1741 3991 vt
1755 3948 1811 4013 per
1825 3928 1941 3997 haecce
1954 3932 2037 4017 prin-

539 4004 708 4074 dtftssdefe
719 4008 815 4085 velit,
831 4004 925 4069 illum
938 4026 1005 4071 ¹¹0ss
1021 4006 1108 4090 Posse
1126 4002 1268 4071 ⁰0¹1du·
1312 4016 1395 4097 cipia
1409 4012 1480 4077 vsus
1489 4012 1668 4097 regularum
1677 4016 1860 4080 criticorum
1870 4014 2036 4105 dirigaturi

538 4098 640 4163 bitare
647 4140 659 4175 ,
682 4116 723 4158 an
737 4092 860 4180 regulae
873 4094 1001 4157 criticae
1017 4110 1109 4158 seii.
1120 4114 1213 4159 ieri
1232 4094 1266 4161 δι
1307 4100 1416 4186 differt.
1436 4102 1507 4164 VII.
1520 4116 1582 4164 art.
1598 4103 1683 4167 VIII.
1695 4121 1727 4187 p.
1740 4104 1864 4189 adeſso
1887 4152 1897 4171 ,
1944 4106 2036 4173 cum.

535 4200 847 4259 stitutionem,
870 4179 1062 4265 quibusaeta
1076 4179 1266 4269 spuriaage·
1309 4208 1372 4273 que
1390 4183 1477 4272 apud
1491 4186 1694 4255 romanenses
1710 4190 1825 4257 cundia
1837 4126 1886 4257 ad
1897 4190 2037 4259 traditio-

537 4270 647 4333 niiinis
655 4265 884 4345 discernuntur,
895 4268 930 4335 dt
941 4287 1128 4335 commenta
1135 4266 1266 4353 ineptis-
1308 4295 1385 4340 nem
1399 4270 1549 4354 redeant,
1566 4275 1600 4341 ὅ(
1614 4296 1691 4343 vero
1705 4278 1766 4343 viri
1784 4275 1920 4363 quidm
1941 4278 2035 4357 (1055,

537 4352 616 4421 sima
628 4354 830 4433 reiiciuntut,
852 4352 935 4420 resse
948 4352 1009 4421 sese
1023 4352 1169 4422 habeant.
1213 4351 1265 4419 ld·
1308 4356 1453 4429 eiusdem
1467 4358 1609 4428 ecclesaie
1621 4362 1713 4431 sacris
1721 4362 1849 4441 addidli,
1863 4364 2033 4435 secundum

536 4459 600 4590 {iiic
616 4435 683 4519 est,
704 4436 793 4524 quod
812 4440 926 4508 audior
947 4437 1003 4509 sibi
1021 4443 1101 4511 velle
1128 4438 1264 4507 videtur.
1308 4450 1383 4515 artis
1399 4450 1526 4515 criticae
1538 4450 1661 4534 regulas
1677 4448 1862 4519 traditiones
1878 4458 2035 4522 examina·

552 4545 668 4603 mmor
698 4523 762 4591 ¹¹⁰0
792 4548 866 4593 eum
895 4526 952 4593 fibi
981 4529 1085 4609 velles
1122 4528 1267 4603 dubitare
1308 4538 1434 4616 ucrint,
1452 4536 1632 4622 multasque
1651 4537 1727 4604 hinc
1745 4542 2034 4621 inepriais&aniles

536 4611 714 4711 nonlicet,
731 4634 805 4677 cum
815 4632 907 4697 parte
919 4616 1054 4698 sicando
1070 4615 1156 4683 illius
1167 4616 1265 4702 dffer-
1309 4620 1429 4688 fabulas
1445 4624 1627 4701 reiecerinte
1657 4648 1734 4714 quas
1750 4644 1860 4693 tamen
1870 4628 2036 4715 pristinum

534 4712 683 4795 rationis,
699 4717 734 4783 p.
748 4720 787 4780 ry.
800 4702 884 4785 seqq.
905 4703 1026 4789 regulas
1046 4702 1118 4771 illas
1131 4706 1266 4785 criticas,
1310 4709 1510 4783 auctoritatis
1538 4710 1672 4800 gradum
1708 4734 1895 4806 recuperare
1933 4714 2036 4784 noster

534 4785 1265 4876 quibusoamlisvsdurmiioirriis,
1906 4824 2037 4893 magno
