<?xml version="1.0" encoding="UTF-8"?>
<!DOCTYPE html PUBLIC "-//W3C//DTD XHTML 1.0 Transitional//EN"
    "http://www.w3.org/TR/xhtml1/DTD/xhtml1-transitional.dtd">
<html xmlns="http://www.w3.org/1999/xhtml" xml:lang="en" lang="en">
 <head>
  <title>
</title>
<meta http-equiv="Content-Type" content="text/html;charset=utf-8" />
  <meta name='ocr-system' content='tesseract 3.04.00' />
  <meta name='ocr-capabilities' content='ocr_page ocr_carea ocr_par ocr_line ocrx_word'/>
</head>
<body>
  <div class='ocr_page' id='page_1' title='image "./iofranciscibvdd00buddgoog/iofranciscibvdd00buddgoog_0362.png"; bbox 0 0 5259 5967; ppageno 0'>
   <div class='ocr_carea' id='block_1_1' title="bbox 1236 516 1430 629">
    <p class='ocr_par' dir='ltr' id='par_1_1' title="bbox 1236 516 1430 629">
     <span class='ocr_line' id='line_1_1' title="bbox 1419 516 1430 551; baseline 0 0"><span class='ocrx_word' id='word_1_1' title='bbox 1419 516 1430 551; x_wconf 77' lang='grc' dir='ltr'><em>Ι</em></span> 
     </span>
     <span class='ocr_line' id='line_1_2' title="bbox 1236 592 1255 629; baseline 0 0"><span class='ocrx_word' id='word_1_2' title='bbox 1236 592 1255 629; x_wconf 66' lang='grc' dir='ltr'><strong>Χ</strong></span> 
     </span>
    </p>
   </div>
   <div class='ocr_carea' id='block_1_2' title="bbox 543 704 1771 803">
    <p class='ocr_par' dir='ltr' id='par_1_2' title="bbox 543 704 1771 803">
     <span class='ocr_line' id='line_1_3' title="bbox 543 704 1771 803; baseline 0.001 -26"><span class='ocrx_word' id='word_1_3' title='bbox 543 726 612 794; x_wconf 78' lang='lat'>34⁰</span> <span class='ocrx_word' id='word_1_4' title='bbox 677 780 682 803; x_wconf 55' lang='lat'><strong><em>‚</em></strong></span> <span class='ocrx_word' id='word_1_5' title='bbox 833 704 970 777; x_wconf 77' lang='lat' dir='ltr'>LlBRI</span> <span class='ocrx_word' id='word_1_6' title='bbox 1004 704 1532 782; x_wconf 76' lang='lat' dir='ltr'>rosrutttoutsctltvr</span> <span class='ocrx_word' id='word_1_7' title='bbox 1559 714 1771 782; x_wconf 84' lang='lat' dir='ltr'>PRIMVM</span> 
     </span>
    </p>
   </div>
   <div class='ocr_carea' id='block_1_3' title="bbox 537 810 2064 1380">
    <p class='ocr_par' dir='ltr' id='par_1_3' title="bbox 537 810 2064 1380">
     <span class='ocr_line' id='line_1_4' title="bbox 545 810 2051 843; baseline 0.001 -8"><span class='ocrx_word' id='word_1_8' title='bbox 545 810 1528 837; x_wconf 48' lang='lat' dir='ltr'>munau-m-</span> <span class='ocrx_word' id='word_1_9' title='bbox 1561 822 2051 843; x_wconf 58' lang='grc' dir='ltr'>-Ἥ</span> 
     </span>
     <span class='ocr_line' id='line_1_5' title="bbox 544 849 2064 945; baseline 0.005 -23"><span class='ocrx_word' id='word_1_10' title='bbox 544 862 629 928; x_wconf 65' lang='lat' dir='ltr'>aens</span> <span class='ocrx_word' id='word_1_11' title='bbox 642 857 931 945; x_wconf 71' lang='lat' dir='ltr'>historiamſstcram</span> <span class='ocrx_word' id='word_1_12' title='bbox 946 862 986 931; x_wconf 58' lang='grc' dir='ltr'><em>ὅ</em></span> <span class='ocrx_word' id='word_1_13' title='bbox 998 860 1172 927; x_wconf 71' lang='lat' dir='ltr'>doisrintm</span> <span class='ocrx_word' id='word_1_14' title='bbox 1195 856 1278 922; x_wconf 81' lang='lat' dir='ltr'>chri·</span> <span class='ocrx_word' id='word_1_15' title='bbox 1320 854 1488 933; x_wconf 78' lang='lat' dir='ltr'>maiorem,</span> <span class='ocrx_word' id='word_1_16' title='bbox 1503 849 1613 918; x_wconf 89' lang='lat' dir='ltr'>eadem</span> <span class='ocrx_word' id='word_1_17' title='bbox 1633 853 1789 922; x_wconf 75' lang='lat' dir='ltr'>methodo</span> <span class='ocrx_word' id='word_1_18' title='bbox 1810 864 2064 929; x_wconf 85' lang='lat' dir='ltr'>concinnantm·</span> 
     </span>
     <span class='ocr_line' id='line_1_6' title="bbox 537 940 2058 1035; baseline 0.003 -24"><span class='ocrx_word' id='word_1_19' title='bbox 537 946 694 1035; x_wconf 77' lang='lat' dir='ltr'>stiam,</span> <span class='ocrx_word' id='word_1_20' title='bbox 717 944 872 1031; x_wconf 80' lang='lat' dir='ltr'>gallicana</span> <span class='ocrx_word' id='word_1_21' title='bbox 891 946 1001 1033; x_wconf 91' lang='lat' dir='ltr'>lingua</span> <span class='ocrx_word' id='word_1_22' title='bbox 1024 946 1174 1033; x_wconf 88' lang='lat' dir='ltr'>scriptus,</span> <span class='ocrx_word' id='word_1_23' title='bbox 1194 942 1278 1009; x_wconf 88' lang='lat' dir='ltr'>mul·</span> <span class='ocrx_word' id='word_1_24' title='bbox 1322 940 1412 1007; x_wconf 86' lang='lat' dir='ltr'>Prior</span> <span class='ocrx_word' id='word_1_25' title='bbox 1432 960 1573 1023; x_wconf 93' lang='lat' dir='ltr'>namque</span> <span class='ocrx_word' id='word_1_26' title='bbox 1591 962 1662 1025; x_wconf 85' lang='lat' dir='ltr'>pars</span> <span class='ocrx_word' id='word_1_27' title='bbox 1685 940 1832 1011; x_wconf 88' lang='lat' dir='ltr'>hillorica</span> <span class='ocrx_word' id='word_1_28' title='bbox 1853 952 1976 1033; x_wconf 85' lang='lat' dir='ltr'>capita,</span> <span class='ocrx_word' id='word_1_29' title='bbox 2000 972 2058 1017; x_wconf 84' lang='lat' dir='ltr'>eo-</span> 
     </span>
     <span class='ocr_line' id='line_1_7' title="bbox 545 1022 2057 1118; baseline 0.003 -20"><span class='ocrx_word' id='word_1_30' title='bbox 545 1050 655 1099; x_wconf 91' lang='lat' dir='ltr'>torum</span> <span class='ocrx_word' id='word_1_31' title='bbox 669 1030 966 1118; x_wconf 87' lang='lat' dir='ltr'>elogiapromeruit.</span> <span class='ocrx_word' id='word_1_32' title='bbox 987 1032 1112 1115; x_wconf 84' lang='lat' dir='ltr'>Qtarra</span> <span class='ocrx_word' id='word_1_33' title='bbox 1131 1035 1198 1099; x_wconf 86' lang='lat' dir='ltr'>eius</span> <span class='ocrx_word' id='word_1_34' title='bbox 1212 1027 1278 1097; x_wconf 92' lang='lat' dir='ltr'>edi-</span> <span class='ocrx_word' id='word_1_35' title='bbox 1322 1022 1397 1091; x_wconf 88' lang='lat' dir='ltr'>dem</span> <span class='ocrx_word' id='word_1_36' title='bbox 1409 1046 1476 1109; x_wconf 94' lang='lat' dir='ltr'>quo</span> <span class='ocrx_word' id='word_1_37' title='bbox 1491 1028 1527 1090; x_wconf 91' lang='lat' dir='ltr'>in</span> <span class='ocrx_word' id='word_1_38' title='bbox 1542 1030 1649 1111; x_wconf 92' lang='lat' dir='ltr'>ptimo</span> <span class='ocrx_word' id='word_1_39' title='bbox 1664 1046 1782 1111; x_wconf 93' lang='lat' dir='ltr'>tomo,</span> <span class='ocrx_word' id='word_1_40' title='bbox 1807 1030 1922 1099; x_wconf 85' lang='lat' dir='ltr'>ordine</span> <span class='ocrx_word' id='word_1_41' title='bbox 1943 1058 2057 1105; x_wconf 85' lang='lat' dir='ltr'>recen·</span> 
     </span>
     <span class='ocr_line' id='line_1_8' title="bbox 545 1109 2057 1208; baseline 0.004 -23"><span class='ocrx_word' id='word_1_42' title='bbox 545 1119 596 1185; x_wconf 91' lang='lat' dir='ltr'>tio</span> <span class='ocrx_word' id='word_1_43' title='bbox 608 1114 730 1207; x_wconf 89' lang='lat' dir='ltr'>prodiit</span> <span class='ocrx_word' id='word_1_44' title='bbox 742 1114 944 1199; x_wconf 86' lang='lat' dir='ltr'>Parisiis,an.</span> <span class='ocrx_word' id='word_1_45' title='bbox 960 1124 1060 1200; x_wconf 84' lang='lat'>1688,</span> <span class='ocrx_word' id='word_1_46' title='bbox 1078 1138 1130 1186; x_wconf 86' lang='lat'>12.</span> <span class='ocrx_word' id='word_1_47' title='bbox 1173 1118 1279 1194; x_wconf 82' lang='lat' dir='ltr'>Certe,</span> <span class='ocrx_word' id='word_1_48' title='bbox 1321 1112 1391 1191; x_wconf 87' lang='lat' dir='ltr'>set,</span> <span class='ocrx_word' id='word_1_49' title='bbox 1420 1109 1472 1177; x_wconf 92' lang='lat' dir='ltr'>sed</span> <span class='ocrx_word' id='word_1_50' title='bbox 1500 1113 1627 1179; x_wconf 86' lang='lat' dir='ltr'>vberius</span> <span class='ocrx_word' id='word_1_51' title='bbox 1647 1117 1682 1181; x_wconf 91' lang='lat'>&amp;</span> <span class='ocrx_word' id='word_1_52' title='bbox 1700 1115 1858 1202; x_wconf 88' lang='lat' dir='ltr'>copiostus</span> <span class='ocrx_word' id='word_1_53' title='bbox 1880 1124 2057 1208; x_wconf 70' lang='lat' dir='ltr'>explicaret</span> 
     </span>
     <span class='ocr_line' id='line_1_9' title="bbox 546 1198 2057 1354; baseline 0.004 -82"><span class='ocrx_word' id='word_1_54' title='bbox 546 1202 703 1273; x_wconf 85' lang='lat' dir='ltr'>stercores</span> <span class='ocrx_word' id='word_1_55' title='bbox 717 1226 870 1272; x_wconf 87' lang='lat' dir='ltr'>romanae</span> <span class='ocrx_word' id='word_1_56' title='bbox 885 1202 1044 1285; x_wconf 85' lang='lat' dir='ltr'>ecclesiae,</span> <span class='ocrx_word' id='word_1_57' title='bbox 1060 1210 1149 1273; x_wconf 89' lang='lat' dir='ltr'>cuius</span> <span class='ocrx_word' id='word_1_58' title='bbox 1162 1206 1280 1293; x_wconf 85' lang='lat' dir='ltr'>placita</span> <span class='ocrx_word' id='word_1_59' title='bbox 1323 1198 1481 1287; x_wconf 88' lang='lat' dir='ltr'>posterior</span> <span class='ocrx_word' id='word_1_60' title='bbox 1494 1200 1612 1265; x_wconf 89' lang='lat' dir='ltr'>iterum</span> <span class='ocrx_word' id='word_1_61' title='bbox 1633 1199 1803 1354; x_wconf 62' lang='lat' dir='ltr'>dogmata,</span> <span class='ocrx_word' id='word_1_62' title='bbox 1831 1204 1924 1273; x_wconf 84' lang='lat' dir='ltr'>fustus</span> <span class='ocrx_word' id='word_1_63' title='bbox 1940 1210 2057 1277; x_wconf 88' lang='lat' dir='ltr'>itidem</span> 
     </span>
     <span class='ocr_line' id='line_1_10' title="bbox 547 1283 2058 1380; baseline 0.003 -22"><span class='ocrx_word' id='word_1_64' title='bbox 547 1294 704 1379; x_wconf 88' lang='lat' dir='ltr'>sequitur,</span> <span class='ocrx_word' id='word_1_65' title='bbox 728 1290 854 1372; x_wconf 85' lang='lat' dir='ltr'>demas,</span> <span class='ocrx_word' id='word_1_66' title='bbox 875 1296 929 1359; x_wconf 81' lang='lat' dir='ltr'>vix</span> <span class='ocrx_word' id='word_1_67' title='bbox 948 1296 1117 1379; x_wconf 82' lang='lat' dir='ltr'>quisquam</span> <span class='ocrx_word' id='word_1_68' title='bbox 1141 1290 1180 1359; x_wconf 90' lang='lat' dir='ltr'>de</span> <span class='ocrx_word' id='word_1_69' title='bbox 1201 1310 1280 1357; x_wconf 90' lang='lat' dir='ltr'>con·</span> <span class='ocrx_word' id='word_1_70' title='bbox 1324 1283 1490 1373; x_wconf 77' lang='lat' dir='ltr'>expolita,</span> <span class='ocrx_word' id='word_1_71' title='bbox 1520 1287 1555 1353; x_wconf 82' lang='lat' dir='ltr'>dc</span> <span class='ocrx_word' id='word_1_72' title='bbox 1584 1289 1668 1353; x_wconf 88' lang='lat' dir='ltr'>eccle</span> <span class='ocrx_word' id='word_1_73' title='bbox 1682 1313 1730 1357; x_wconf 84' lang='lat' dir='ltr'>tae</span> <span class='ocrx_word' id='word_1_74' title='bbox 1757 1313 1910 1359; x_wconf 84' lang='lat' dir='ltr'>romanae</span> <span class='ocrx_word' id='word_1_75' title='bbox 1931 1298 2058 1380; x_wconf 86' lang='lat' dir='ltr'>placitis</span> 
     </span>
    </p>
   </div>
   <div class='ocr_carea' id='block_1_4' title="bbox 548 1369 2064 4767">
    <p class='ocr_par' dir='ltr' id='par_1_4' title="bbox 548 1369 2058 3198">
     <span class='ocr_line' id='line_1_11' title="bbox 548 1369 2057 1458; baseline -0.002 -13"><span class='ocrx_word' id='word_1_76' title='bbox 548 1377 714 1445; x_wconf 89' lang='lat' dir='ltr'>cinnando</span> <span class='ocrx_word' id='word_1_77' title='bbox 723 1376 917 1445; x_wconf 89' lang='lat' dir='ltr'>catechismo</span> <span class='ocrx_word' id='word_1_78' title='bbox 932 1378 1177 1447; x_wconf 68' lang='lat' dir='ltr'>rectiussensttse</span> <span class='ocrx_word' id='word_1_79' title='bbox 1191 1375 1280 1443; x_wconf 86' lang='lat' dir='ltr'>vide·</span> <span class='ocrx_word' id='word_1_80' title='bbox 1323 1375 1423 1458; x_wconf 82' lang='lat' dir='ltr'>magis</span> <span class='ocrx_word' id='word_1_81' title='bbox 1454 1369 1712 1441; x_wconf 83' lang='lat' dir='ltr'>adcommodata.</span> <span class='ocrx_word' id='word_1_82' title='bbox 1779 1381 1825 1443; x_wconf 83' lang='lat' dir='ltr'>Ex</span> <span class='ocrx_word' id='word_1_83' title='bbox 1860 1380 2057 1451; x_wconf 78' lang='lat' dir='ltr'>nostratibus</span> 
     </span>
     <span class='ocr_line' id='line_1_12' title="bbox 549 1456 2055 1551; baseline 0.003 -18"><span class='ocrx_word' id='word_1_84' title='bbox 549 1485 613 1533; x_wconf 89' lang='lat' dir='ltr'>tut.</span> <span class='ocrx_word' id='word_1_85' title='bbox 658 1468 799 1551; x_wconf 83' lang='lat' dir='ltr'>Simplex</span> <span class='ocrx_word' id='word_1_86' title='bbox 812 1469 923 1551; x_wconf 87' lang='lat' dir='ltr'>vtique</span> <span class='ocrx_word' id='word_1_87' title='bbox 945 1466 1105 1533; x_wconf 75' lang='lat' dir='ltr'>factorum</span> <span class='ocrx_word' id='word_1_88' title='bbox 1125 1467 1279 1541; x_wconf 88' lang='lat' dir='ltr'>narratio,</span> <span class='ocrx_word' id='word_1_89' title='bbox 1324 1456 1473 1545; x_wconf 84' lang='lat' dir='ltr'>equidem</span> <span class='ocrx_word' id='word_1_90' title='bbox 1500 1461 1596 1525; x_wconf 86' lang='lat' dir='ltr'>etiam</span> <span class='ocrx_word' id='word_1_91' title='bbox 1621 1466 1670 1527; x_wconf 83' lang='lat' dir='ltr'>vir</span> <span class='ocrx_word' id='word_1_92' title='bbox 1694 1462 1879 1533; x_wconf 85' lang='lat' dir='ltr'>clarilhmus</span> <span class='ocrx_word' id='word_1_93' title='bbox 1903 1488 1961 1536; x_wconf 89' lang='lat' dir='ltr'>ro.</span> <span class='ocrx_word' id='word_1_94' title='bbox 1992 1493 2055 1539; x_wconf 80' lang='lat' dir='ltr'>on.</span> 
     </span>
     <span class='ocr_line' id='line_1_13' title="bbox 550 1546 2056 1641; baseline 0.004 -22"><span class='ocrx_word' id='word_1_95' title='bbox 550 1556 603 1619; x_wconf 89' lang='lat' dir='ltr'>cui</span> <span class='ocrx_word' id='word_1_96' title='bbox 630 1550 740 1620; x_wconf 85' lang='lat' dir='ltr'>deince</span> <span class='ocrx_word' id='word_1_97' title='bbox 765 1574 779 1617; x_wconf 90' lang='lat' dir='ltr'>s</span> <span class='ocrx_word' id='word_1_98' title='bbox 802 1550 949 1619; x_wconf 77' lang='lat' dir='ltr'>dodttina</span> <span class='ocrx_word' id='word_1_99' title='bbox 972 1550 1216 1641; x_wconf 87' lang='lat' dir='ltr'>superstruatur,</span> <span class='ocrx_word' id='word_1_100' title='bbox 1239 1546 1281 1615; x_wconf 90' lang='lat' dir='ltr'>ad</span> <span class='ocrx_word' id='word_1_101' title='bbox 1325 1565 1575 1615; x_wconf 68' lang='lat' dir='ltr'>nauclerus</span> <span class='ocrx_word' id='word_1_102' title='bbox 1612 1548 1840 1618; x_wconf 82' lang='lat' dir='ltr'>catechismum</span> <span class='ocrx_word' id='word_1_103' title='bbox 1880 1557 2056 1641; x_wconf 86' lang='lat' dir='ltr'>quemdam</span> 
     </span>
     <span class='ocr_line' id='line_1_14' title="bbox 548 1574 2054 1726; baseline 0.003 -21"><span class='ocrx_word' id='word_1_104' title='bbox 548 1658 682 1724; x_wconf 88' lang='lat' dir='ltr'>captum</span> <span class='ocrx_word' id='word_1_105' title='bbox 694 1574 1011 1707; x_wconf 73' lang='lat' dir='ltr'>rudlorumvaldeell</span> <span class='ocrx_word' id='word_1_106' title='bbox 1023 1636 1281 1706; x_wconf 87' lang='lat' dir='ltr'>adcommodata.</span> <span class='ocrx_word' id='word_1_107' title='bbox 1323 1630 1535 1713; x_wconf 84' lang='lat' dir='ltr'>historicum,</span> <span class='ocrx_word' id='word_1_108' title='bbox 1569 1631 1634 1701; x_wconf 85' lang='lat' dir='ltr'>siue</span> <span class='ocrx_word' id='word_1_109' title='bbox 1684 1638 1901 1722; x_wconf 76' lang='lat' dir='ltr'>Catcchctifihe</span> <span class='ocrx_word' id='word_1_110' title='bbox 1955 1646 2054 1726; x_wconf 79' lang='lat' dir='ltr'>Bibtl,</span> 
     </span>
     <span class='ocr_line' id='line_1_15' title="bbox 549 1720 2057 1813; baseline 0.003 -21"><span class='ocrx_word' id='word_1_111' title='bbox 549 1725 710 1792; x_wconf 85' lang='lat' dir='ltr'>Historias</span> <span class='ocrx_word' id='word_1_112' title='bbox 728 1746 841 1791; x_wconf 87' lang='lat' dir='ltr'>omnes</span> <span class='ocrx_word' id='word_1_113' title='bbox 854 1726 990 1792; x_wconf 85' lang='lat' dir='ltr'>libenter</span> <span class='ocrx_word' id='word_1_114' title='bbox 1009 1726 1163 1806; x_wconf 90' lang='lat' dir='ltr'>audiunt,</span> <span class='ocrx_word' id='word_1_115' title='bbox 1186 1728 1220 1793; x_wconf 90' lang='lat'>&amp;</span> <span class='ocrx_word' id='word_1_116' title='bbox 1237 1723 1281 1788; x_wconf 84' lang='lat' dir='ltr'>sa-</span> <span class='ocrx_word' id='word_1_117' title='bbox 1324 1723 1455 1785; x_wconf 74' lang='lat' dir='ltr'>derinne</span> <span class='ocrx_word' id='word_1_118' title='bbox 1482 1720 1538 1783; x_wconf 76' lang='lat' dir='ltr'>dcc</span> <span class='ocrx_word' id='word_1_119' title='bbox 1559 1726 1631 1807; x_wconf 83' lang='lat' dir='ltr'>th</span> <span class='ocrx_word' id='word_1_120' title='bbox 1656 1745 1717 1788; x_wconf 84' lang='lat' dir='ltr'>zur</span> <span class='ocrx_word' id='word_1_121' title='bbox 1735 1728 1874 1813; x_wconf 83' lang='lat' dir='ltr'>Seliglcit</span> <span class='ocrx_word' id='word_1_122' title='bbox 1896 1730 1977 1797; x_wconf 75' lang='lat' dir='ltr'>nach</span> <span class='ocrx_word' id='word_1_123' title='bbox 1999 1734 2057 1797; x_wconf 80' lang='lat' dir='ltr'>der</span> 
     </span>
     <span class='ocr_line' id='line_1_16' title="bbox 550 1808 2057 1900; baseline 0.004 -21"><span class='ocrx_word' id='word_1_124' title='bbox 550 1814 611 1879; x_wconf 91' lang='lat' dir='ltr'>cile</span> <span class='ocrx_word' id='word_1_125' title='bbox 627 1814 823 1897; x_wconf 82' lang='lat' dir='ltr'>percipiunt,</span> <span class='ocrx_word' id='word_1_126' title='bbox 838 1834 914 1878; x_wconf 89' lang='lat' dir='ltr'>curn</span> <span class='ocrx_word' id='word_1_127' title='bbox 927 1810 1079 1900; x_wconf 82' lang='lat' dir='ltr'>dogmata</span> <span class='ocrx_word' id='word_1_128' title='bbox 1094 1810 1281 1895; x_wconf 90' lang='lat' dir='ltr'>contra,ab·</span> <span class='ocrx_word' id='word_1_129' title='bbox 1328 1809 1476 1891; x_wconf 82' lang='lat' dir='ltr'>Ocdnmtg</span> <span class='ocrx_word' id='word_1_130' title='bbox 1497 1808 1549 1869; x_wconf 77' lang='lat' dir='ltr'>des</span> <span class='ocrx_word' id='word_1_131' title='bbox 1576 1808 1749 1893; x_wconf 74' lang='lat' dir='ltr'>catechismi</span> <span class='ocrx_word' id='word_1_132' title='bbox 1780 1814 1925 1897; x_wconf 69' lang='lat' dir='ltr'>ratheri,</span> <span class='ocrx_word' id='word_1_133' title='bbox 1958 1819 2057 1885; x_wconf 79' lang='lat' dir='ltr'>durch</span> 
     </span>
     <span class='ocr_line' id='line_1_17' title="bbox 550 1894 2055 1986; baseline 0.001 -19"><span class='ocrx_word' id='word_1_134' title='bbox 550 1897 659 1967; x_wconf 80' lang='lat' dir='ltr'>straete</span> <span class='ocrx_word' id='word_1_135' title='bbox 672 1895 852 1984; x_wconf 85' lang='lat' dir='ltr'>propofita,</span> <span class='ocrx_word' id='word_1_136' title='bbox 867 1922 887 1965; x_wconf 90' lang='lat' dir='ltr'>a</span> <span class='ocrx_word' id='word_1_137' title='bbox 906 1896 1282 1986; x_wconf 85' lang='lat' dir='ltr'>pauciffimisiutelligan·</span> <span class='ocrx_word' id='word_1_138' title='bbox 1323 1900 1405 1980; x_wconf 72' lang='lat' dir='ltr'>frag</span> <span class='ocrx_word' id='word_1_139' title='bbox 1418 1894 1485 1957; x_wconf 81' lang='lat' dir='ltr'>und</span> <span class='ocrx_word' id='word_1_140' title='bbox 1495 1899 1640 1959; x_wconf 77' lang='lat' dir='ltr'>Anttcort</span> <span class='ocrx_word' id='word_1_141' title='bbox 1654 1898 1687 1960; x_wconf 84' lang='lat' dir='ltr'>in</span> <span class='ocrx_word' id='word_1_142' title='bbox 1704 1900 1804 1964; x_wconf 83' lang='lat' dir='ltr'>lauttr</span> <span class='ocrx_word' id='word_1_143' title='bbox 1817 1903 1979 1985; x_wconf 74' lang='lat' dir='ltr'>lttltlisthtn</span> <span class='ocrx_word' id='word_1_144' title='bbox 1995 1912 2055 1969; x_wconf 82' lang='lat' dir='ltr'>Gt-</span> 
     </span>
     <span class='ocr_line' id='line_1_18' title="bbox 552 1979 2058 2076; baseline 0.001 -23"><span class='ocrx_word' id='word_1_145' title='bbox 552 2004 616 2053; x_wconf 90' lang='lat' dir='ltr'>tur.</span> <span class='ocrx_word' id='word_1_146' title='bbox 661 1990 754 2068; x_wconf 83' lang='lat' dir='ltr'>Quae</span> <span class='ocrx_word' id='word_1_147' title='bbox 774 1985 808 2052; x_wconf 79' lang='lat' dir='ltr'>dc</span> <span class='ocrx_word' id='word_1_148' title='bbox 825 1990 907 2053; x_wconf 86' lang='lat' dir='ltr'>ratio</span> <span class='ocrx_word' id='word_1_149' title='bbox 927 1984 987 2068; x_wconf 90' lang='lat' dir='ltr'>ell,</span> <span class='ocrx_word' id='word_1_150' title='bbox 1017 1985 1106 2073; x_wconf 93' lang='lat' dir='ltr'>quod</span> <span class='ocrx_word' id='word_1_151' title='bbox 1129 1989 1222 2073; x_wconf 87' lang='lat' dir='ltr'>pauci</span> <span class='ocrx_word' id='word_1_152' title='bbox 1244 2002 1281 2049; x_wconf 83' lang='lat' dir='ltr'>ex</span> <span class='ocrx_word' id='word_1_153' title='bbox 1315 1979 1472 2067; x_wconf 70' lang='lat' dir='ltr'>sebichus</span> <span class='ocrx_word' id='word_1_154' title='bbox 1494 1984 1559 2064; x_wconf 79' lang='lat' dir='ltr'>auf</span> <span class='ocrx_word' id='word_1_155' title='bbox 1569 1983 1627 2045; x_wconf 77' lang='lat' dir='ltr'>clas</span> <span class='ocrx_word' id='word_1_156' title='bbox 1652 1985 1825 2072; x_wconf 83' lang='lat' dir='ltr'>deutlichste</span> <span class='ocrx_word' id='word_1_157' title='bbox 1839 1995 1976 2076; x_wconf 58' lang='lat' dir='ltr'>gratham</span> <span class='ocrx_word' id='word_1_158' title='bbox 1990 1996 2058 2063; x_wconf 62' lang='lat' dir='ltr'>&amp;a</span> 
     </span>
     <span class='ocr_line' id='line_1_19' title="bbox 554 2062 2056 2161; baseline 0.005 -24"><span class='ocrx_word' id='word_1_159' title='bbox 554 2074 684 2161; x_wconf 86' lang='lat' dir='ltr'>plebeiis</span> <span class='ocrx_word' id='word_1_160' title='bbox 698 2073 857 2138; x_wconf 90' lang='lat' dir='ltr'>summam</span> <span class='ocrx_word' id='word_1_161' title='bbox 869 2069 1282 2141; x_wconf 72' lang='lat' dir='ltr'>dodlrinaechristianaete-</span> <span class='ocrx_word' id='word_1_162' title='bbox 1326 2062 1446 2147; x_wconf 86' lang='lat' dir='ltr'>edidit,</span> <span class='ocrx_word' id='word_1_163' title='bbox 1480 2070 1635 2153; x_wconf 91' lang='lat' dir='ltr'>quicum</span> <span class='ocrx_word' id='word_1_164' title='bbox 1661 2072 1859 2155; x_wconf 85' lang='lat' dir='ltr'>praefatione</span> <span class='ocrx_word' id='word_1_165' title='bbox 1889 2078 1970 2144; x_wconf 87' lang='lat' dir='ltr'>beati</span> <span class='ocrx_word' id='word_1_166' title='bbox 2000 2100 2056 2145; x_wconf 89' lang='lat'>10.</span> 
     </span>
     <span class='ocr_line' id='line_1_20' title="bbox 553 2156 2056 2244; baseline 0.001 -17"><span class='ocrx_word' id='word_1_167' title='bbox 553 2177 668 2240; x_wconf 89' lang='lat' dir='ltr'>neant,</span> <span class='ocrx_word' id='word_1_168' title='bbox 681 2180 737 2225; x_wconf 86' lang='lat' dir='ltr'>aut</span> <span class='ocrx_word' id='word_1_169' title='bbox 751 2156 773 2225; x_wconf 91' lang='lat' dir='ltr'>st</span> <span class='ocrx_word' id='word_1_170' title='bbox 787 2176 934 2239; x_wconf 86' lang='lat' dir='ltr'>teneant,</span> <span class='ocrx_word' id='word_1_171' title='bbox 949 2162 1043 2228; x_wconf 90' lang='lat' dir='ltr'>verba</span> <span class='ocrx_word' id='word_1_172' title='bbox 1058 2160 1181 2240; x_wconf 91' lang='lat' dir='ltr'>solum,</span> <span class='ocrx_word' id='word_1_173' title='bbox 1199 2178 1283 2244; x_wconf 90' lang='lat' dir='ltr'>quo·</span> <span class='ocrx_word' id='word_1_174' title='bbox 1325 2172 1452 2221; x_wconf 74' lang='lat' dir='ltr'>naun.</span> <span class='ocrx_word' id='word_1_175' title='bbox 1480 2172 1577 2219; x_wconf 75' lang='lat' dir='ltr'>matr</span> <span class='ocrx_word' id='word_1_176' title='bbox 1609 2156 1804 2226; x_wconf 87' lang='lat' dir='ltr'>Francosurti</span> <span class='ocrx_word' id='word_1_177' title='bbox 1828 2160 1868 2228; x_wconf 94' lang='lat' dir='ltr'>ad</span> <span class='ocrx_word' id='word_1_178' title='bbox 1891 2166 2056 2232; x_wconf 88' lang='lat' dir='ltr'>Moenum</span> 
     </span>
     <span class='ocr_line' id='line_1_21' title="bbox 553 2239 2053 2333; baseline 0.003 -20"><span class='ocrx_word' id='word_1_179' title='bbox 553 2268 627 2313; x_wconf 90' lang='lat' dir='ltr'>rum</span> <span class='ocrx_word' id='word_1_180' title='bbox 649 2246 773 2312; x_wconf 87' lang='lat' dir='ltr'>sensum</span> <span class='ocrx_word' id='word_1_181' title='bbox 795 2246 965 2326; x_wconf 90' lang='lat' dir='ltr'>nesciunt,</span> <span class='ocrx_word' id='word_1_182' title='bbox 991 2249 1123 2313; x_wconf 88' lang='lat' dir='ltr'>recitare</span> <span class='ocrx_word' id='word_1_183' title='bbox 1153 2260 1282 2333; x_wconf 88' lang='lat' dir='ltr'>queant.</span> <span class='ocrx_word' id='word_1_184' title='bbox 1329 2260 1437 2323; x_wconf 86' lang='lat'>1711,</span> <span class='ocrx_word' id='word_1_185' title='bbox 1468 2250 1498 2314; x_wconf 84' lang='lat'>8.</span> <span class='ocrx_word' id='word_1_186' title='bbox 1525 2239 1656 2324; x_wconf 88' lang='lat' dir='ltr'>prodiit.</span> <span class='ocrx_word' id='word_1_187' title='bbox 1700 2244 1760 2311; x_wconf 87' lang='lat' dir='ltr'>Sed</span> <span class='ocrx_word' id='word_1_188' title='bbox 1782 2246 1963 2316; x_wconf 83' lang='lat' dir='ltr'>inllitutttm</span> <span class='ocrx_word' id='word_1_189' title='bbox 1985 2256 2053 2318; x_wconf 82' lang='lat' dir='ltr'>eius</span> 
     </span>
     <span class='ocr_line' id='line_1_22' title="bbox 552 2324 2056 2415; baseline 0.003 -16"><span class='ocrx_word' id='word_1_190' title='bbox 552 2334 708 2401; x_wconf 87' lang='lat' dir='ltr'>Obseruat</span> <span class='ocrx_word' id='word_1_191' title='bbox 721 2332 809 2400; x_wconf 88' lang='lat' dir='ltr'>idem</span> <span class='ocrx_word' id='word_1_192' title='bbox 824 2334 955 2413; x_wconf 76' lang='lat' dir='ltr'>auctor,</span> <span class='ocrx_word' id='word_1_193' title='bbox 971 2336 1017 2397; x_wconf 90' lang='lat' dir='ltr'>bis</span> <span class='ocrx_word' id='word_1_194' title='bbox 1030 2334 1119 2400; x_wconf 91' lang='lat' dir='ltr'>mille</span> <span class='ocrx_word' id='word_1_195' title='bbox 1136 2328 1283 2399; x_wconf 86' lang='lat' dir='ltr'>acondi-</span> <span class='ocrx_word' id='word_1_196' title='bbox 1326 2331 1420 2415; x_wconf 91' lang='lat' dir='ltr'>plane</span> <span class='ocrx_word' id='word_1_197' title='bbox 1436 2324 1595 2391; x_wconf 88' lang='lat' dir='ltr'>diuersitm</span> <span class='ocrx_word' id='word_1_198' title='bbox 1611 2328 1663 2395; x_wconf 81' lang='lat' dir='ltr'>eli.</span> <span class='ocrx_word' id='word_1_199' title='bbox 1709 2332 1945 2404; x_wconf 90' lang='lat' dir='ltr'>Catechitinum</span> <span class='ocrx_word' id='word_1_200' title='bbox 1967 2342 2056 2405; x_wconf 92' lang='lat' dir='ltr'>enim</span> 
     </span>
     <span class='ocr_line' id='line_1_23' title="bbox 552 2416 2055 2506; baseline 0.005 -21"><span class='ocrx_word' id='word_1_201' title='bbox 552 2438 591 2487; x_wconf 92' lang='lat' dir='ltr'>to</span> <span class='ocrx_word' id='word_1_202' title='bbox 603 2419 728 2486; x_wconf 90' lang='lat' dir='ltr'>mundo</span> <span class='ocrx_word' id='word_1_203' title='bbox 742 2422 835 2486; x_wconf 84' lang='lat' dir='ltr'>annis</span> <span class='ocrx_word' id='word_1_204' title='bbox 848 2424 893 2485; x_wconf 86' lang='lat' dir='ltr'>ita</span> <span class='ocrx_word' id='word_1_205' title='bbox 904 2422 940 2485; x_wconf 90' lang='lat' dir='ltr'>in</span> <span class='ocrx_word' id='word_1_206' title='bbox 953 2421 1107 2506; x_wconf 90' lang='lat' dir='ltr'>religione</span> <span class='ocrx_word' id='word_1_207' title='bbox 1120 2416 1283 2485; x_wconf 89' lang='lat' dir='ltr'>inllitutos</span> <span class='ocrx_word' id='word_1_208' title='bbox 1326 2434 1455 2481; x_wconf 90' lang='lat' dir='ltr'>tantum</span> <span class='ocrx_word' id='word_1_209' title='bbox 1470 2416 1551 2478; x_wconf 89' lang='lat' dir='ltr'>beati</span> <span class='ocrx_word' id='word_1_210' title='bbox 1571 2436 1749 2482; x_wconf 77' lang='lat' dir='ltr'>Lvrttrnt</span> <span class='ocrx_word' id='word_1_211' title='bbox 1772 2425 1923 2505; x_wconf 87' lang='lat' dir='ltr'>exemplis</span> <span class='ocrx_word' id='word_1_212' title='bbox 1947 2447 1985 2491; x_wconf 88' lang='lat' dir='ltr'>ac</span> <span class='ocrx_word' id='word_1_213' title='bbox 2005 2422 2055 2492; x_wconf 92' lang='lat' dir='ltr'>hi·</span> 
     </span>
     <span class='ocr_line' id='line_1_24' title="bbox 552 2498 2056 2593; baseline -0.005 -19"><span class='ocrx_word' id='word_1_214' title='bbox 552 2508 646 2575; x_wconf 86' lang='lat' dir='ltr'>fuilse</span> <span class='ocrx_word' id='word_1_215' title='bbox 664 2507 813 2574; x_wconf 85' lang='lat' dir='ltr'>homines</span> <span class='ocrx_word' id='word_1_216' title='bbox 832 2528 851 2571; x_wconf 90' lang='lat' dir='ltr'>a</span> <span class='ocrx_word' id='word_1_217' title='bbox 870 2508 1012 2593; x_wconf 87' lang='lat' dir='ltr'>patribus</span> <span class='ocrx_word' id='word_1_218' title='bbox 1032 2508 1177 2593; x_wconf 82' lang='lat' dir='ltr'>auisque,</span> <span class='ocrx_word' id='word_1_219' title='bbox 1199 2501 1283 2589; x_wconf 88' lang='lat' dir='ltr'>gesta</span> <span class='ocrx_word' id='word_1_220' title='bbox 1327 2498 1448 2580; x_wconf 87' lang='lat' dir='ltr'>storiis,</span> <span class='ocrx_word' id='word_1_221' title='bbox 1472 2521 1509 2565; x_wconf 83' lang='lat' dir='ltr'>ex</span> <span class='ocrx_word' id='word_1_222' title='bbox 1532 2500 1614 2565; x_wconf 90' lang='lat' dir='ltr'>sacra</span> <span class='ocrx_word' id='word_1_223' title='bbox 1639 2502 1789 2587; x_wconf 80' lang='lat' dir='ltr'>scriptura</span> <span class='ocrx_word' id='word_1_224' title='bbox 1815 2512 1951 2591; x_wconf 86' lang='lat' dir='ltr'>petitis,</span> <span class='ocrx_word' id='word_1_225' title='bbox 1982 2513 2056 2578; x_wconf 79' lang='lat' dir='ltr'>illu.</span> 
     </span>
     <span class='ocr_line' id='line_1_25' title="bbox 552 2586 2054 2677; baseline 0.001 -14"><span class='ocrx_word' id='word_1_226' title='bbox 552 2596 616 2663; x_wconf 91' lang='lat' dir='ltr'>Dei</span> <span class='ocrx_word' id='word_1_227' title='bbox 630 2595 847 2667; x_wconf 78' lang='lat' dir='ltr'>narrantibus3</span> <span class='ocrx_word' id='word_1_228' title='bbox 868 2596 973 2661; x_wconf 89' lang='lat' dir='ltr'>immo</span> <span class='ocrx_word' id='word_1_229' title='bbox 988 2592 1130 2677; x_wconf 83' lang='lat' dir='ltr'>&amp;ipsos</span> <span class='ocrx_word' id='word_1_230' title='bbox 1152 2592 1283 2677; x_wconf 86' lang='lat' dir='ltr'>scripto·</span> <span class='ocrx_word' id='word_1_231' title='bbox 1327 2586 1410 2653; x_wconf 89' lang='lat' dir='ltr'>strat.</span> <span class='ocrx_word' id='word_1_232' title='bbox 1462 2588 1535 2669; x_wconf 84' lang='lat' dir='ltr'>Qua</span> <span class='ocrx_word' id='word_1_233' title='bbox 1557 2589 1592 2651; x_wconf 94' lang='lat' dir='ltr'>in</span> <span class='ocrx_word' id='word_1_234' title='bbox 1617 2609 1651 2654; x_wconf 87' lang='lat' dir='ltr'>re</span> <span class='ocrx_word' id='word_1_235' title='bbox 1676 2590 1772 2677; x_wconf 87' lang='lat' dir='ltr'>longe</span> <span class='ocrx_word' id='word_1_236' title='bbox 1799 2611 1907 2660; x_wconf 89' lang='lat' dir='ltr'>tamen</span> <span class='ocrx_word' id='word_1_237' title='bbox 1933 2599 2054 2665; x_wconf 70' lang='lat' dir='ltr'>redlius</span> 
     </span>
     <span class='ocr_line' id='line_1_26' title="bbox 554 2672 2055 2767; baseline 0.002 -18"><span class='ocrx_word' id='word_1_238' title='bbox 554 2703 604 2749; x_wconf 85' lang='lat' dir='ltr'>res</span> <span class='ocrx_word' id='word_1_239' title='bbox 621 2680 726 2746; x_wconf 88' lang='lat' dir='ltr'>sacros</span> <span class='ocrx_word' id='word_1_240' title='bbox 737 2676 849 2746; x_wconf 87' lang='lat' dir='ltr'>eadem</span> <span class='ocrx_word' id='word_1_241' title='bbox 861 2680 934 2745; x_wconf 84' lang='lat' dir='ltr'>vsos</span> <span class='ocrx_word' id='word_1_242' title='bbox 947 2676 1124 2761; x_wconf 88' lang='lat' dir='ltr'>methodo,</span> <span class='ocrx_word' id='word_1_243' title='bbox 1142 2698 1223 2763; x_wconf 87' lang='lat' dir='ltr'>quae</span> <span class='ocrx_word' id='word_1_244' title='bbox 1235 2679 1283 2742; x_wconf 93' lang='lat' dir='ltr'>iu·</span> <span class='ocrx_word' id='word_1_245' title='bbox 1326 2675 1463 2740; x_wconf 85' lang='lat' dir='ltr'>versatus</span> <span class='ocrx_word' id='word_1_246' title='bbox 1478 2672 1542 2753; x_wconf 86' lang='lat' dir='ltr'>cll,</span> <span class='ocrx_word' id='word_1_247' title='bbox 1565 2695 1662 2759; x_wconf 85' lang='lat' dir='ltr'>quam</span> <span class='ocrx_word' id='word_1_248' title='bbox 1677 2678 1722 2742; x_wconf 95' lang='lat' dir='ltr'>illi</span> <span class='ocrx_word' id='word_1_249' title='bbox 1745 2700 1782 2743; x_wconf 88' lang='lat' dir='ltr'>ex</span> <span class='ocrx_word' id='word_1_250' title='bbox 1800 2683 2055 2767; x_wconf 82' lang='lat' dir='ltr'>romanensibus,</span> 
     </span>
     <span class='ocr_line' id='line_1_27' title="bbox 554 2757 2057 2851; baseline 0.003 -16"><span class='ocrx_word' id='word_1_251' title='bbox 554 2764 719 2835; x_wconf 87' lang='lat' dir='ltr'>cunditate</span> <span class='ocrx_word' id='word_1_252' title='bbox 732 2768 850 2851; x_wconf 88' lang='lat' dir='ltr'>pariter</span> <span class='ocrx_word' id='word_1_253' title='bbox 861 2788 899 2831; x_wconf 89' lang='lat' dir='ltr'>ac</span> <span class='ocrx_word' id='word_1_254' title='bbox 913 2764 1060 2831; x_wconf 82' lang='lat' dir='ltr'>facilitate</span> <span class='ocrx_word' id='word_1_255' title='bbox 1072 2766 1102 2833; x_wconf 90' lang='lat' dir='ltr'>se</span> <span class='ocrx_word' id='word_1_256' title='bbox 1117 2784 1283 2829; x_wconf 86' lang='lat' dir='ltr'>commen·</span> <span class='ocrx_word' id='word_1_257' title='bbox 1327 2763 1383 2847; x_wconf 93' lang='lat' dir='ltr'>qui</span> <span class='ocrx_word' id='word_1_258' title='bbox 1402 2757 1515 2825; x_wconf 92' lang='lat' dir='ltr'>itidem</span> <span class='ocrx_word' id='word_1_259' title='bbox 1537 2758 1743 2829; x_wconf 83' lang='lat' dir='ltr'>catechismos</span> <span class='ocrx_word' id='word_1_260' title='bbox 1772 2764 1939 2833; x_wconf 87' lang='lat' dir='ltr'>hilloricos</span> <span class='ocrx_word' id='word_1_261' title='bbox 1963 2770 2057 2839; x_wconf 84' lang='lat' dir='ltr'>dede·</span> 
     </span>
     <span class='ocr_line' id='line_1_28' title="bbox 553 2844 2056 2939; baseline 0.001 -17"><span class='ocrx_word' id='word_1_262' title='bbox 553 2852 610 2923; x_wconf 88' lang='lat' dir='ltr'>det</span> <span class='ocrx_word' id='word_1_263' title='bbox 623 2854 786 2919; x_wconf 85' lang='lat' dir='ltr'>omnibus.</span> <span class='ocrx_word' id='word_1_264' title='bbox 828 2852 936 2917; x_wconf 89' lang='lat' dir='ltr'>Multa</span> <span class='ocrx_word' id='word_1_265' title='bbox 950 2854 1011 2917; x_wconf 85' lang='lat' dir='ltr'>alia</span> <span class='ocrx_word' id='word_1_266' title='bbox 1026 2851 1066 2918; x_wconf 87' lang='lat' dir='ltr'>de</span> <span class='ocrx_word' id='word_1_267' title='bbox 1087 2848 1283 2917; x_wconf 86' lang='lat' dir='ltr'>catechilinis</span> <span class='ocrx_word' id='word_1_268' title='bbox 1326 2866 1421 2928; x_wconf 90' lang='lat' dir='ltr'>runt,</span> <span class='ocrx_word' id='word_1_269' title='bbox 1455 2844 1600 2911; x_wconf 90' lang='lat' dir='ltr'>sednon</span> <span class='ocrx_word' id='word_1_270' title='bbox 1628 2864 1694 2914; x_wconf 85' lang='lat' dir='ltr'>tant</span> <span class='ocrx_word' id='word_1_271' title='bbox 1717 2849 1853 2919; x_wconf 89' lang='lat' dir='ltr'>historiis</span> <span class='ocrx_word' id='word_1_272' title='bbox 1871 2854 2056 2939; x_wconf 86' lang='lat' dir='ltr'>illustratos,</span> 
     </span>
     <span class='ocr_line' id='line_1_29' title="bbox 554 2930 2054 3023; baseline 0.003 -16"><span class='ocrx_word' id='word_1_273' title='bbox 554 2937 789 3007; x_wconf 84' lang='lat' dir='ltr'>concinnandis</span> <span class='ocrx_word' id='word_1_274' title='bbox 810 2936 899 3007; x_wconf 90' lang='lat' dir='ltr'>idem</span> <span class='ocrx_word' id='word_1_275' title='bbox 921 2938 1036 3004; x_wconf 70' lang='lat' dir='ltr'>auctor</span> <span class='ocrx_word' id='word_1_276' title='bbox 1054 2938 1138 3005; x_wconf 74' lang='lat' dir='ltr'>redte</span> <span class='ocrx_word' id='word_1_277' title='bbox 1157 2953 1283 3014; x_wconf 87' lang='lat' dir='ltr'>monet,</span> <span class='ocrx_word' id='word_1_278' title='bbox 1326 2954 1424 3022; x_wconf 85' lang='lat' dir='ltr'>quam</span> <span class='ocrx_word' id='word_1_279' title='bbox 1446 2930 1558 2997; x_wconf 86' lang='lat' dir='ltr'>fabulis</span> <span class='ocrx_word' id='word_1_280' title='bbox 1583 2934 1618 3002; x_wconf 90' lang='lat'>&amp;</span> <span class='ocrx_word' id='word_1_281' title='bbox 1642 2942 1832 3004; x_wconf 86' lang='lat' dir='ltr'>commentis</span> <span class='ocrx_word' id='word_1_282' title='bbox 1859 2942 2054 3023; x_wconf 89' lang='lat' dir='ltr'>obscuratos,</span> 
     </span>
     <span class='ocr_line' id='line_1_30' title="bbox 552 3020 2058 3110; baseline 0 -15"><span class='ocrx_word' id='word_1_283' title='bbox 552 3032 591 3095; x_wconf 89' lang='lat' dir='ltr'>in</span> <span class='ocrx_word' id='word_1_284' title='bbox 604 3030 642 3094; x_wconf 85' lang='lat' dir='ltr'>iis</span> <span class='ocrx_word' id='word_1_285' title='bbox 656 3024 773 3093; x_wconf 89' lang='lat' dir='ltr'>scilicet</span> <span class='ocrx_word' id='word_1_286' title='bbox 786 3025 883 3093; x_wconf 85' lang='lat' dir='ltr'>solius</span> <span class='ocrx_word' id='word_1_287' title='bbox 898 3025 1069 3110; x_wconf 84' lang='lat' dir='ltr'>scripturae</span> <span class='ocrx_word' id='word_1_288' title='bbox 1081 3023 1216 3091; x_wconf 67' lang='lat' dir='ltr'>dublum</span> <span class='ocrx_word' id='word_1_289' title='bbox 1236 3021 1282 3088; x_wconf 89' lang='lat' dir='ltr'>se-</span> <span class='ocrx_word' id='word_1_290' title='bbox 1326 3020 1658 3105; x_wconf 82' lang='lat' dir='ltr'>commaculatosque,</span> <span class='ocrx_word' id='word_1_291' title='bbox 1694 3025 1875 3092; x_wconf 92' lang='lat' dir='ltr'>cuiusmodi</span> <span class='ocrx_word' id='word_1_292' title='bbox 1901 3027 1944 3094; x_wconf 90' lang='lat' dir='ltr'>ell</span> <span class='ocrx_word' id='word_1_293' title='bbox 1976 3049 2058 3095; x_wconf 80' lang='lat' dir='ltr'>cate·</span> 
     </span>
     <span class='ocr_line' id='line_1_31' title="bbox 577 3104 2052 3198; baseline 0.002 -17"><span class='ocrx_word' id='word_1_294' title='bbox 577 3111 738 3190; x_wconf 89' lang='lat' dir='ltr'>uendum,</span> <span class='ocrx_word' id='word_1_295' title='bbox 755 3133 815 3177; x_wconf 89' lang='lat' dir='ltr'>nec</span> <span class='ocrx_word' id='word_1_296' title='bbox 829 3110 888 3179; x_wconf 90' lang='lat' dir='ltr'>nist</span> <span class='ocrx_word' id='word_1_297' title='bbox 909 3104 1075 3177; x_wconf 81' lang='lat' dir='ltr'>cercillima</span> <span class='ocrx_word' id='word_1_298' title='bbox 1097 3128 1281 3198; x_wconf 90' lang='lat' dir='ltr'>proponen-</span> <span class='ocrx_word' id='word_1_299' title='bbox 1325 3107 1453 3189; x_wconf 82' lang='lat' dir='ltr'>chismus</span> <span class='ocrx_word' id='word_1_300' title='bbox 1466 3104 1625 3192; x_wconf 43' lang='lat' dir='ltr'>haidericus</span> <span class='ocrx_word' id='word_1_301' title='bbox 1647 3131 1737 3175; x_wconf 79' lang='lat' dir='ltr'>nur.</span> <span class='ocrx_word' id='word_1_302' title='bbox 1765 3134 2052 3197; x_wconf 77' lang='lat' dir='ltr'>nnvttovurtt,</span> 
     </span>
    </p>

    <p class='ocr_par' dir='ltr' id='par_1_5' title="bbox 553 3136 2064 4767">
     <span class='ocr_line' id='line_1_32' title="bbox 553 3136 1746 3281; baseline -0.003 -16"><span class='ocrx_word' id='word_1_303' title='bbox 553 3136 614 3278; x_wconf 80' lang='lat' dir='ltr'>da,</span> <span class='ocrx_word' id='word_1_304' title='bbox 630 3201 755 3265; x_wconf 86' lang='lat' dir='ltr'>enitatis</span> <span class='ocrx_word' id='word_1_305' title='bbox 770 3200 897 3263; x_wconf 86' lang='lat' dir='ltr'>incertis</span> <span class='ocrx_word' id='word_1_306' title='bbox 915 3198 949 3263; x_wconf 90' lang='lat'>&amp;</span> <span class='ocrx_word' id='word_1_307' title='bbox 964 3194 1112 3277; x_wconf 85' lang='lat' dir='ltr'>curiosts,</span> <span class='ocrx_word' id='word_1_308' title='bbox 1148 3196 1282 3262; x_wconf 87' lang='lat' dir='ltr'>uaellio-</span> <span class='ocrx_word' id='word_1_309' title='bbox 1326 3197 1382 3280; x_wconf 93' lang='lat' dir='ltr'>qui</span> <span class='ocrx_word' id='word_1_310' title='bbox 1394 3196 1496 3257; x_wconf 82' lang='lat' dir='ltr'>Duaci</span> <span class='ocrx_word' id='word_1_311' title='bbox 1515 3202 1596 3273; x_wconf 77' lang='lat'>1603</span> <span class='ocrx_word' id='word_1_312' title='bbox 1612 3195 1746 3281; x_wconf 81' lang='lat' dir='ltr'>prodiit.</span> 
     </span>
     <span class='ocr_line' id='line_1_33' title="bbox 554 3219 2055 3370; baseline 0.001 -18"><span class='ocrx_word' id='word_1_313' title='bbox 554 3308 612 3352; x_wconf 91' lang='lat' dir='ltr'>nes</span> <span class='ocrx_word' id='word_1_314' title='bbox 636 3284 881 3369; x_wconf 87' lang='lat' dir='ltr'>problematicas</span> <span class='ocrx_word' id='word_1_315' title='bbox 903 3304 973 3347; x_wconf 91' lang='lat' dir='ltr'>non</span> <span class='ocrx_word' id='word_1_316' title='bbox 1005 3219 1181 3351; x_wconf 73' lang='lat' dir='ltr'>miscendas</span> <span class='ocrx_word' id='word_1_317' title='bbox 1208 3302 1282 3347; x_wconf 90' lang='lat' dir='ltr'>cum</span> <span class='ocrx_word' id='word_1_318' title='bbox 1412 3281 1482 3345; x_wconf 87' lang='lat' dir='ltr'>Nec</span> <span class='ocrx_word' id='word_1_319' title='bbox 1497 3279 1669 3364; x_wconf 83' lang='lat' dir='ltr'>segniores,</span> <span class='ocrx_word' id='word_1_320' title='bbox 1694 3305 1791 3368; x_wconf 86' lang='lat' dir='ltr'>quam</span> <span class='ocrx_word' id='word_1_321' title='bbox 1805 3288 1976 3370; x_wconf 87' lang='lat' dir='ltr'>nostrates,</span> <span class='ocrx_word' id='word_1_322' title='bbox 1999 3306 2055 3355; x_wconf 91' lang='lat' dir='ltr'>aut</span> 
     </span>
     <span class='ocr_line' id='line_1_34' title="bbox 555 3365 2056 3457; baseline 0.004 -21"><span class='ocrx_word' id='word_1_323' title='bbox 555 3369 760 3457; x_wconf 85' lang='lat' dir='ltr'>dogmatibus</span> <span class='ocrx_word' id='word_1_324' title='bbox 771 3365 863 3445; x_wconf 71' lang='lat' dir='ltr'>fidei,</span> <span class='ocrx_word' id='word_1_325' title='bbox 883 3366 918 3435; x_wconf 91' lang='lat' dir='ltr'>id</span> <span class='ocrx_word' id='word_1_326' title='bbox 932 3372 1099 3455; x_wconf 85' lang='lat' dir='ltr'>praecipue</span> <span class='ocrx_word' id='word_1_327' title='bbox 1112 3366 1281 3455; x_wconf 89' lang='lat' dir='ltr'>agendum,</span> <span class='ocrx_word' id='word_1_328' title='bbox 1327 3366 2056 3445; x_wconf 75' lang='lat' dir='ltr'>romanenses,tntratttndadoctrinacateche-</span> 
     </span>
     <span class='ocr_line' id='line_1_35' title="bbox 554 3452 2056 3543; baseline 0.005 -20"><span class='ocrx_word' id='word_1_329' title='bbox 554 3475 592 3523; x_wconf 83' lang='lat' dir='ltr'>vt</span> <span class='ocrx_word' id='word_1_330' title='bbox 604 3477 662 3522; x_wconf 87' lang='lat' dir='ltr'>cor</span> <span class='ocrx_word' id='word_1_331' title='bbox 672 3476 842 3521; x_wconf 86' lang='lat' dir='ltr'>moueatur</span> <span class='ocrx_word' id='word_1_332' title='bbox 856 3458 891 3522; x_wconf 87' lang='lat' dir='ltr'>dt</span> <span class='ocrx_word' id='word_1_333' title='bbox 915 3460 1068 3543; x_wconf 84' lang='lat' dir='ltr'>erigatur,</span> <span class='ocrx_word' id='word_1_334' title='bbox 1090 3478 1165 3521; x_wconf 91' lang='lat' dir='ltr'>cum</span> <span class='ocrx_word' id='word_1_335' title='bbox 1188 3459 1222 3520; x_wconf 88' lang='lat' dir='ltr'>itt</span> <span class='ocrx_word' id='word_1_336' title='bbox 1238 3455 1283 3519; x_wconf 87' lang='lat' dir='ltr'>le-</span> <span class='ocrx_word' id='word_1_337' title='bbox 1328 3452 1645 3533; x_wconf 85' lang='lat' dir='ltr'>tica,autc0ndendis</span> <span class='ocrx_word' id='word_1_338' title='bbox 1654 3460 1862 3543; x_wconf 85' lang='lat' dir='ltr'>catechismis,</span> <span class='ocrx_word' id='word_1_339' title='bbox 1871 3464 2056 3531; x_wconf 83' lang='lat' dir='ltr'>fueruntre·</span> 
     </span>
     <span class='ocr_line' id='line_1_36' title="bbox 556 3538 2058 3633; baseline 0.005 -22"><span class='ocrx_word' id='word_1_340' title='bbox 556 3544 700 3611; x_wconf 73' lang='lat' dir='ltr'>storibus</span> <span class='ocrx_word' id='word_1_341' title='bbox 716 3560 785 3608; x_wconf 85' lang='lat' dir='ltr'>tunt</span> <span class='ocrx_word' id='word_1_342' title='bbox 797 3541 884 3609; x_wconf 91' lang='lat' dir='ltr'>haud</span> <span class='ocrx_word' id='word_1_343' title='bbox 896 3538 1065 3609; x_wconf 87' lang='lat' dir='ltr'>difficulter</span> <span class='ocrx_word' id='word_1_344' title='bbox 1076 3539 1284 3627; x_wconf 85' lang='lat' dir='ltr'>excitaripos-</span> <span class='ocrx_word' id='word_1_345' title='bbox 1327 3540 1483 3607; x_wconf 89' lang='lat' dir='ltr'>formatae</span> <span class='ocrx_word' id='word_1_346' title='bbox 1490 3538 1633 3607; x_wconf 81' lang='lat' dir='ltr'>ecclesiae</span> <span class='ocrx_word' id='word_1_347' title='bbox 1644 3541 1802 3614; x_wconf 77' lang='lat' dir='ltr'>doctores.</span> <span class='ocrx_word' id='word_1_348' title='bbox 1848 3548 1948 3633; x_wconf 81' lang='lat' dir='ltr'>Qtotl</span> <span class='ocrx_word' id='word_1_349' title='bbox 1963 3550 1987 3617; x_wconf 87' lang='lat' dir='ltr'>st</span> <span class='ocrx_word' id='word_1_350' title='bbox 2003 3574 2058 3618; x_wconf 88' lang='lat' dir='ltr'>to.</span> 
     </span>
     <span class='ocr_line' id='line_1_37' title="bbox 556 3628 2057 3715; baseline 0.005 -17"><span class='ocrx_word' id='word_1_351' title='bbox 556 3629 594 3698; x_wconf 79' lang='lat' dir='ltr'>fit</span> <span class='ocrx_word' id='word_1_352' title='bbox 607 3632 761 3704; x_wconf 79' lang='lat' dir='ltr'>attenti03</span> <span class='ocrx_word' id='word_1_353' title='bbox 773 3628 916 3695; x_wconf 80' lang='lat' dir='ltr'>sermone</span> <span class='ocrx_word' id='word_1_354' title='bbox 929 3628 1063 3715; x_wconf 82' lang='lat' dir='ltr'>fitnplici</span> <span class='ocrx_word' id='word_1_355' title='bbox 1078 3629 1194 3695; x_wconf 67' lang='lat' dir='ltr'>cundia</span> <span class='ocrx_word' id='word_1_356' title='bbox 1208 3648 1283 3713; x_wconf 87' lang='lat' dir='ltr'>pto·</span> <span class='ocrx_word' id='word_1_357' title='bbox 1328 3647 1432 3695; x_wconf 74' lang='lat' dir='ltr'>titur.</span> <span class='ocrx_word' id='word_1_358' title='bbox 1455 3648 1671 3693; x_wconf 78' lang='lat' dir='ltr'>norrtuonno</span> <span class='ocrx_word' id='word_1_359' title='bbox 1700 3631 1882 3715; x_wconf 90' lang='lat' dir='ltr'>credimus,</span> <span class='ocrx_word' id='word_1_360' title='bbox 1908 3638 2057 3705; x_wconf 89' lang='lat' dir='ltr'>Heluetii</span> 
     </span>
     <span class='ocr_line' id='line_1_38' title="bbox 554 3712 2057 3807; baseline 0.006 -25"><span class='ocrx_word' id='word_1_361' title='bbox 554 3714 726 3803; x_wconf 84' lang='lat' dir='ltr'>ponenda,</span> <span class='ocrx_word' id='word_1_362' title='bbox 741 3716 853 3800; x_wconf 89' lang='lat' dir='ltr'>procul</span> <span class='ocrx_word' id='word_1_363' title='bbox 871 3714 1015 3782; x_wconf 78' lang='lat' dir='ltr'>sacell&#39;ere</span> <span class='ocrx_word' id='word_1_364' title='bbox 1031 3712 1118 3781; x_wconf 85' lang='lat' dir='ltr'>iusfis</span> <span class='ocrx_word' id='word_1_365' title='bbox 1141 3716 1284 3781; x_wconf 87' lang='lat' dir='ltr'>terminis</span> <span class='ocrx_word' id='word_1_366' title='bbox 1328 3718 1362 3784; x_wconf 82' lang='lat' dir='ltr'>dt</span> <span class='ocrx_word' id='word_1_367' title='bbox 1377 3713 1481 3794; x_wconf 87' lang='lat' dir='ltr'>Galli,</span> <span class='ocrx_word' id='word_1_368' title='bbox 1496 3714 1622 3799; x_wconf 87' lang='lat' dir='ltr'>reliquis</span> <span class='ocrx_word' id='word_1_369' title='bbox 1635 3721 1836 3800; x_wconf 87' lang='lat' dir='ltr'>praeiuetunt</span> <span class='ocrx_word' id='word_1_370' title='bbox 1858 3726 2057 3807; x_wconf 84' lang='lat' dir='ltr'>exemplum.</span> 
     </span>
     <span class='ocr_line' id='line_1_39' title="bbox 554 3798 2057 3895; baseline -0.001 -25"><span class='ocrx_word' id='word_1_371' title='bbox 554 3800 777 3883; x_wconf 83' lang='lat' dir='ltr'>scholasticis,</span> <span class='ocrx_word' id='word_1_372' title='bbox 807 3802 941 3887; x_wconf 86' lang='lat' dir='ltr'>&amp;quae</span> <span class='ocrx_word' id='word_1_373' title='bbox 960 3803 1023 3867; x_wconf 88' lang='lat' dir='ltr'>alia</span> <span class='ocrx_word' id='word_1_374' title='bbox 1043 3802 1115 3867; x_wconf 87' lang='lat' dir='ltr'>sunt</span> <span class='ocrx_word' id='word_1_375' title='bbox 1143 3798 1284 3870; x_wconf 88' lang='lat' dir='ltr'>eiusdem</span> <span class='ocrx_word' id='word_1_376' title='bbox 1327 3806 1376 3867; x_wconf 72' lang='lat' dir='ltr'>Et</span> <span class='ocrx_word' id='word_1_377' title='bbox 1394 3803 1590 3886; x_wconf 79' lang='lat' dir='ltr'>reformatis,</span> <span class='ocrx_word' id='word_1_378' title='bbox 1619 3806 1741 3887; x_wconf 91' lang='lat' dir='ltr'>inquit,</span> <span class='ocrx_word' id='word_1_379' title='bbox 1764 3824 1893 3891; x_wconf 66' lang='lat' dir='ltr'>torpore</span> <span class='ocrx_word' id='word_1_380' title='bbox 1911 3814 2057 3895; x_wconf 79' lang='lat' dir='ltr'>praeite.</span> 
     </span>
     <span class='ocr_line' id='line_1_40' title="bbox 554 3886 2058 3980; baseline -0.001 -23"><span class='ocrx_word' id='word_1_381' title='bbox 554 3892 689 3979; x_wconf 84' lang='lat' dir='ltr'>generis.</span> <span class='ocrx_word' id='word_1_382' title='bbox 734 3890 868 3955; x_wconf 86' lang='lat' dir='ltr'>Duobus</span> <span class='ocrx_word' id='word_1_383' title='bbox 881 3891 979 3955; x_wconf 86' lang='lat' dir='ltr'>tomis</span> <span class='ocrx_word' id='word_1_384' title='bbox 992 3887 1198 3955; x_wconf 83' lang='lat' dir='ltr'>catechismus</span> <span class='ocrx_word' id='word_1_385' title='bbox 1216 3886 1284 3953; x_wconf 89' lang='lat' dir='ltr'>hic·</span> <span class='ocrx_word' id='word_1_386' title='bbox 1327 3907 1402 3953; x_wconf 82' lang='lat' dir='ltr'>runt</span> <span class='ocrx_word' id='word_1_387' title='bbox 1413 3890 1547 3953; x_wconf 81' lang='lat' dir='ltr'>Heluetii</span> <span class='ocrx_word' id='word_1_388' title='bbox 1560 3892 1597 3959; x_wconf 61' lang='grc' dir='ltr'>θ’</span> <span class='ocrx_word' id='word_1_389' title='bbox 1612 3892 1712 3971; x_wconf 81' lang='lat' dir='ltr'>Galli,</span> <span class='ocrx_word' id='word_1_390' title='bbox 1737 3914 1759 3957; x_wconf 77' lang='lat' dir='ltr'><em>v</em></span> <span class='ocrx_word' id='word_1_391' title='bbox 1772 3916 1792 3955; x_wconf 83' lang='lat' dir='ltr'>n</span> <span class='ocrx_word' id='word_1_392' title='bbox 1806 3898 1843 3964; x_wconf 53' lang='grc' dir='ltr'>εγ</span> <span class='ocrx_word' id='word_1_393' title='bbox 1857 3897 2058 3980; x_wconf 60' lang='lat' dir='ltr'>complemur.</span> 
     </span>
     <span class='ocr_line' id='line_1_41' title="bbox 554 3974 2057 4069; baseline -0.001 -25"><span class='ocrx_word' id='word_1_394' title='bbox 554 3999 591 4044; x_wconf 91' lang='lat' dir='ltr'>ce</span> <span class='ocrx_word' id='word_1_395' title='bbox 605 3977 794 4053; x_wconf 89' lang='lat' dir='ltr'>absoluitur,</span> <span class='ocrx_word' id='word_1_396' title='bbox 823 3980 913 4062; x_wconf 92' lang='lat' dir='ltr'>prior</span> <span class='ocrx_word' id='word_1_397' title='bbox 931 3974 1141 4058; x_wconf 75' lang='lat' dir='ltr'>catechismum</span> <span class='ocrx_word' id='word_1_398' title='bbox 1158 3974 1285 4041; x_wconf 81' lang='lat' dir='ltr'>exhibet</span> <span class='ocrx_word' id='word_1_399' title='bbox 1327 3977 1565 4061; x_wconf 73' lang='lat' dir='ltr'>tostquutismt</span> <span class='ocrx_word' id='word_1_400' title='bbox 1580 3981 1745 4059; x_wconf 79' lang='lat' dir='ltr'>Germani,</span> <span class='ocrx_word' id='word_1_401' title='bbox 1768 3982 1909 4047; x_wconf 58' lang='lat' dir='ltr'>Patimini</span> <span class='ocrx_word' id='word_1_402' title='bbox 1917 3989 2057 4069; x_wconf 76' lang='lat' dir='ltr'>praefer.</span> 
     </span>
     <span class='ocr_line' id='line_1_42' title="bbox 554 4060 2058 4215; baseline 0.006 -84"><span class='ocrx_word' id='word_1_403' title='bbox 554 4068 722 4144; x_wconf 84' lang='lat' dir='ltr'>minorem,</span> <span class='ocrx_word' id='word_1_404' title='bbox 736 4064 824 4128; x_wconf 86' lang='lat' dir='ltr'>cuius</span> <span class='ocrx_word' id='word_1_405' title='bbox 836 4084 910 4149; x_wconf 86' lang='lat' dir='ltr'>pars</span> <span class='ocrx_word' id='word_1_406' title='bbox 918 4064 1013 4215; x_wconf 75' lang='lat' dir='ltr'>prior</span> <span class='ocrx_word' id='word_1_407' title='bbox 1024 4060 1171 4130; x_wconf 85' lang='lat' dir='ltr'>historica</span> <span class='ocrx_word' id='word_1_408' title='bbox 1193 4082 1283 4127; x_wconf 85' lang='lat' dir='ltr'>com·</span> <span class='ocrx_word' id='word_1_409' title='bbox 1326 4066 1384 4127; x_wconf 89' lang='lat' dir='ltr'>tim</span> <span class='ocrx_word' id='word_1_410' title='bbox 1391 4088 1403 4143; x_wconf 92' lang='lat'>,·</span> <span class='ocrx_word' id='word_1_411' title='bbox 1425 4061 1634 4129; x_wconf 68' lang='lat' dir='ltr'>bibliothecae.</span> <span class='ocrx_word' id='word_1_412' title='bbox 1646 4068 1838 4152; x_wconf 77' lang='lat' dir='ltr'>quadripart.</span> <span class='ocrx_word' id='word_1_413' title='bbox 1853 4068 1909 4137; x_wconf 84' lang='lat' dir='ltr'>lib.</span> <span class='ocrx_word' id='word_1_414' title='bbox 1923 4076 1980 4136; x_wconf 86' lang='lat'><em>111.</em></span> <span class='ocrx_word' id='word_1_415' title='bbox 1994 4094 2020 4138; x_wconf 86' lang='lat' dir='ltr'>c.</span> <span class='ocrx_word' id='word_1_416' title='bbox 2031 4078 2058 4140; x_wconf 86' lang='lat'>1.</span> 
     </span>
     <span class='ocr_line' id='line_1_43' title="bbox 554 4147 2060 4237; baseline 0.007 -22"><span class='ocrx_word' id='word_1_417' title='bbox 554 4152 721 4237; x_wconf 75' lang='lat' dir='ltr'>pledlitur,</span> <span class='ocrx_word' id='word_1_418' title='bbox 767 4148 900 4217; x_wconf 88' lang='lat' dir='ltr'>osterior</span> <span class='ocrx_word' id='word_1_419' title='bbox 939 4152 1110 4235; x_wconf 90' lang='lat' dir='ltr'>ogmatica.</span> <span class='ocrx_word' id='word_1_420' title='bbox 1170 4150 1210 4216; x_wconf 90' lang='lat' dir='ltr'>In</span> <span class='ocrx_word' id='word_1_421' title='bbox 1227 4148 1283 4215; x_wconf 92' lang='lat' dir='ltr'>illa</span> <span class='ocrx_word' id='word_1_422' title='bbox 1322 4170 1356 4237; x_wconf 89' lang='lat' dir='ltr'>p.</span> <span class='ocrx_word' id='word_1_423' title='bbox 1364 4170 1430 4234; x_wconf 73' lang='lat'>333.</span> <span class='ocrx_word' id='word_1_424' title='bbox 1443 4147 1543 4233; x_wconf 83' lang='lat' dir='ltr'>Qtod</span> <span class='ocrx_word' id='word_1_425' title='bbox 1552 4153 1632 4215; x_wconf 92' lang='lat' dir='ltr'>bene</span> <span class='ocrx_word' id='word_1_426' title='bbox 1643 4154 1673 4217; x_wconf 92' lang='lat' dir='ltr'>se</span> <span class='ocrx_word' id='word_1_427' title='bbox 1682 4151 1951 4233; x_wconf 88' lang='lat' dir='ltr'>habet,sttantum</span> <span class='ocrx_word' id='word_1_428' title='bbox 1961 4156 2060 4227; x_wconf 88' lang='lat' dir='ltr'>dere·</span> 
     </span>
     <span class='ocr_line' id='line_1_44' title="bbox 553 4172 2060 4328; baseline 0.005 -23"><span class='ocrx_word' id='word_1_429' title='bbox 553 4239 724 4322; x_wconf 89' lang='lat' dir='ltr'>scripturae</span> <span class='ocrx_word' id='word_1_430' title='bbox 737 4172 800 4303; x_wconf 53' lang='lat' dir='ltr'>ldie</span> <span class='ocrx_word' id='word_1_431' title='bbox 811 4236 923 4304; x_wconf 87' lang='lat' dir='ltr'>insistit</span> <span class='ocrx_word' id='word_1_432' title='bbox 934 4233 1087 4323; x_wconf 83' lang='lat' dir='ltr'>vestigiis,</span> <span class='ocrx_word' id='word_1_433' title='bbox 1103 4238 1212 4322; x_wconf 86' lang='lat' dir='ltr'>paucis</span> <span class='ocrx_word' id='word_1_434' title='bbox 1227 4256 1281 4303; x_wconf 85' lang='lat' dir='ltr'>ex·</span> <span class='ocrx_word' id='word_1_435' title='bbox 1327 4238 1474 4303; x_wconf 89' lang='lat' dir='ltr'>formatis</span> <span class='ocrx_word' id='word_1_436' title='bbox 1492 4236 1700 4323; x_wconf 83' lang='lat' dir='ltr'>intelligatur.</span> <span class='ocrx_word' id='word_1_437' title='bbox 1759 4242 2060 4328; x_wconf 86' lang='lat' dir='ltr'>Ceteroquincnim</span> 
     </span>
     <span class='ocr_line' id='line_1_45' title="bbox 555 4319 2060 4414; baseline 0.007 -25"><span class='ocrx_word' id='word_1_438' title='bbox 555 4327 672 4405; x_wconf 88' lang='lat' dir='ltr'>ceptis,</span> <span class='ocrx_word' id='word_1_439' title='bbox 690 4326 853 4407; x_wconf 86' lang='lat' dir='ltr'>inquibus</span> <span class='ocrx_word' id='word_1_440' title='bbox 867 4319 1039 4388; x_wconf 89' lang='lat' dir='ltr'>secundum</span> <span class='ocrx_word' id='word_1_441' title='bbox 1059 4344 1213 4389; x_wconf 89' lang='lat' dir='ltr'>romanae</span> <span class='ocrx_word' id='word_1_442' title='bbox 1228 4344 1281 4389; x_wconf 88' lang='lat' dir='ltr'>ec·</span> <span class='ocrx_word' id='word_1_443' title='bbox 1325 4344 1432 4391; x_wconf 75' lang='lat' dir='ltr'>narr.</span> <span class='ocrx_word' id='word_1_444' title='bbox 1454 4344 1635 4389; x_wconf 76' lang='lat' dir='ltr'>nvrnnrvttt</span> <span class='ocrx_word' id='word_1_445' title='bbox 1647 4328 1786 4411; x_wconf 92' lang='lat' dir='ltr'>primum</span> <span class='ocrx_word' id='word_1_446' title='bbox 1794 4328 2060 4414; x_wconf 73' lang='lat' dir='ltr'>titilsetquivclut</span> 
     </span>
     <span class='ocr_line' id='line_1_46' title="bbox 556 4403 2060 4499; baseline 0.009 -26"><span class='ocrx_word' id='word_1_447' title='bbox 556 4403 666 4473; x_wconf 86' lang='lat' dir='ltr'>clestae</span> <span class='ocrx_word' id='word_1_448' title='bbox 689 4408 953 4477; x_wconf 87' lang='lat' dir='ltr'>consuetudinem</span> <span class='ocrx_word' id='word_1_449' title='bbox 967 4407 1139 4477; x_wconf 86' lang='lat' dir='ltr'>traditione</span> <span class='ocrx_word' id='word_1_450' title='bbox 1150 4412 1282 4486; x_wconf 76' lang='lat' dir='ltr'>nititur3</span> <span class='ocrx_word' id='word_1_451' title='bbox 1326 4409 1449 4497; x_wconf 85' lang='lat' dir='ltr'>signum</span> <span class='ocrx_word' id='word_1_452' title='bbox 1456 4408 1587 4495; x_wconf 91' lang='lat' dir='ltr'>aliquod</span> <span class='ocrx_word' id='word_1_453' title='bbox 1601 4410 1640 4477; x_wconf 89' lang='lat' dir='ltr'>ad</span> <span class='ocrx_word' id='word_1_454' title='bbox 1654 4414 1734 4480; x_wconf 93' lang='lat' dir='ltr'>bene</span> <span class='ocrx_word' id='word_1_455' title='bbox 1749 4414 1939 4499; x_wconf 92' lang='lat' dir='ltr'>sperandum</span> <span class='ocrx_word' id='word_1_456' title='bbox 1954 4417 2060 4487; x_wconf 86' lang='lat' dir='ltr'>sullu-</span> 
     </span>
     <span class='ocr_line' id='line_1_47' title="bbox 555 4491 2060 4584; baseline 0.009 -25"><span class='ocrx_word' id='word_1_457' title='bbox 555 4496 592 4559; x_wconf 91' lang='lat' dir='ltr'>in</span> <span class='ocrx_word' id='word_1_458' title='bbox 605 4491 664 4559; x_wconf 88' lang='lat' dir='ltr'>hac</span> <span class='ocrx_word' id='word_1_459' title='bbox 672 4498 823 4560; x_wconf 91' lang='lat' dir='ltr'>omnium</span> <span class='ocrx_word' id='word_1_460' title='bbox 834 4497 865 4564; x_wconf 89' lang='lat' dir='ltr'>se</span> <span class='ocrx_word' id='word_1_461' title='bbox 878 4515 1087 4584; x_wconf 87' lang='lat' dir='ltr'>attemperare</span> <span class='ocrx_word' id='word_1_462' title='bbox 1096 4498 1228 4584; x_wconf 86' lang='lat' dir='ltr'>ingenio</span> <span class='ocrx_word' id='word_1_463' title='bbox 1236 4498 1282 4562; x_wconf 90' lang='lat' dir='ltr'>la-</span> <span class='ocrx_word' id='word_1_464' title='bbox 1326 4500 1422 4576; x_wconf 92' lang='lat' dir='ltr'>letit,</span> <span class='ocrx_word' id='word_1_465' title='bbox 1446 4495 1580 4563; x_wconf 88' lang='lat' dir='ltr'>constat.</span> <span class='ocrx_word' id='word_1_466' title='bbox 1623 4500 1708 4565; x_wconf 92' lang='lat' dir='ltr'>lnter</span> <span class='ocrx_word' id='word_1_467' title='bbox 1729 4501 1919 4570; x_wconf 87' lang='lat' dir='ltr'>reformatos</span> <span class='ocrx_word' id='word_1_468' title='bbox 1944 4524 2060 4575; x_wconf 88' lang='lat' dir='ltr'>autem</span> 
     </span>
     <span class='ocr_line' id='line_1_48' title="bbox 555 4578 2063 4678; baseline 0.009 -31"><span class='ocrx_word' id='word_1_469' title='bbox 555 4580 660 4649; x_wconf 77' lang='lat' dir='ltr'>horat.</span> <span class='ocrx_word' id='word_1_470' title='bbox 704 4578 859 4653; x_wconf 81' lang='lat' dir='ltr'>Posterior</span> <span class='ocrx_word' id='word_1_471' title='bbox 871 4582 1201 4673; x_wconf 60' lang='lat' dir='ltr'>totnuscctcclsmttm</span> <span class='ocrx_word' id='word_1_472' title='bbox 1208 4580 1284 4660; x_wconf 80' lang='lat' dir='ltr'>lillis</span> <span class='ocrx_word' id='word_1_473' title='bbox 1326 4586 1496 4678; x_wconf 82' lang='lat' dir='ltr'>praecipua</span> <span class='ocrx_word' id='word_1_474' title='bbox 1516 4582 1598 4659; x_wconf 87' lang='lat' dir='ltr'>sorte</span> <span class='ocrx_word' id='word_1_475' title='bbox 1617 4586 1686 4658; x_wconf 80' lang='lat' dir='ltr'>laus</span> <span class='ocrx_word' id='word_1_476' title='bbox 1707 4584 1838 4661; x_wconf 87' lang='lat' dir='ltr'>debetur</span> <span class='ocrx_word' id='word_1_477' title='bbox 1851 4614 1899 4662; x_wconf 86' lang='lat' dir='ltr'>to.</span> <span class='ocrx_word' id='word_1_478' title='bbox 1919 4612 2063 4663; x_wconf 80' lang='lat' dir='ltr'>carvi-</span> 
     </span>
     <span class='ocr_line' id='line_1_49' title="bbox 1991 4702 2064 4767; baseline -0.027 -16"><span class='ocrx_word' id='word_1_479' title='bbox 1991 4702 2064 4767; x_wconf 79' lang='lat' dir='ltr'>rto,</span> 
     </span>
    </p>
   </div>
   <div class='ocr_carea' id='block_1_5' title="bbox 0 0 2649 5956">
    <p class='ocr_par' dir='ltr' id='par_1_6' title="bbox 0 0 2649 5956">
     <span class='ocr_line' id='line_1_50' title="bbox 0 0 2649 5956; baseline 0 0"><span class='ocrx_word' id='word_1_480' title='bbox 0 0 2649 5956; x_wconf 95' lang='lat' dir='ltr'> </span> 
     </span>
    </p>
   </div>
  </div>
 </body>
</html>
