5259 5967
406 762 860 887 *pe'nnoroonr
882 758 1084 837 clerone
1106 760 1287 853 EIVSQVE
1308 764 1476 841 INDOLE
1498 770 1560 841 AC
1581 770 1835 847 vutwrnvs
1880 794 1920 863 32

1113 871 1927 909 Μ--ᾀῆ

497 914 515 947 *
534 912 726 999 luingenio,
739 907 1150 995 speciatimficdinonma·
1191 914 1292 990 enim,
1314 914 1371 996 qui
1386 912 1461 976 uiua
1482 912 1577 976 nimis
1600 914 1828 999 imaginatione
1850 914 1921 1000 pol·

413 1001 589 1087 ginarionis
604 1002 672 1064 vim
680 997 1040 1075 mmmeseseexserere,
1056 997 1150 1080 supra
1191 997 1269 1077 lent,
1284 996 1375 1065 facile
1388 1016 1474 1063 extra
1491 998 1605 1061 limites
1619 996 1773 1079 feruntur,
1791 1000 1919 1067 redius-

414 1086 668 1151 obseruauimus.
681 1082 771 1149 Hinc
787 1087 821 1151 δι
834 1086 936 1170 poetis
953 1080 1148 1179 quandoque
1190 1103 1252 1168 que
1265 1104 1285 1147 a
1299 1081 1405 1150 studio
1414 1084 1600 1169 theologico
1607 1101 1763 1150 arcentur.
1780 1087 1919 1179 Etenim,

415 1177 474 1229 m·
489 1175 582 1243 ιἐιχιὶυ
595 1173 764 1257 ingenium
778 1172 936 1248 tribuitur,
952 1167 1078 1255 quodlri
1087 1170 1149 1235 lurt
1190 1169 1212 1237 sr
1227 1169 1306 1235 aliae
1320 1170 1478 1253 quaedam
1493 1169 1613 1236 caussae
1629 1168 1799 1250 accedant,
1815 1169 1855 1237 ad
1862 1192 1918 1237 en-

414 1255 656 1328 ι’νφωισιέτιπι,
669 1254 703 1322 id
725 1254 795 1337 est,
813 1254 1013 1344 imaginandi
1024 1259 1057 1322 vi
1071 1275 1148 1340 prae
1191 1252 1407 1336 tlrusrasmum,
1423 1258 1457 1324 &
1472 1255 1715 1336 fanaticismum,
1733 1259 1827 1343 proni
1834 1257 1919 1337 sunt,

415 1342 526 1409 ceteris
541 1340 702 1427 polleant.·
737 1341 831 1409 Vnde
846 1344 985 1429 &putee
1004 1339 1148 1427 adquae-
1193 1344 1275 1411 &in
1289 1344 1375 1408 varia
1390 1344 1715 1427 nqnmpmecipites
1730 1361 1838 1419 ruunt3
1853 1361 1920 1409 tut·

415 1448 493 1493 nam
505 1427 684 1495 litterarum
705 1426 808 1497 studia
830 1427 987 1496 eiusmodi
999 1431 1047 1494 vis
1059 1431 1149 1515 inge·
1192 1432 1332 1514 bamque
1349 1424 1431 1495 adeo
1450 1431 1562 1513 magis,
1577 1431 1917 1513 quam·iuuant,eccle-

416 1516 464 1579 nii
479 1516 669 1599 requiratur.
712 1514 813 1598 Quod
832 1514 989 1594 diximus,
1002 1518 1038 1581 in
1051 1518 1149 1581 inter-
1192 1513 1279 1583 siam.
1325 1511 1455 1598 Quodsi
1468 1517 1565 1579 etiam
1579 1512 1643 1580 lroc
1659 1536 1726 1579 non
1741 1519 1918 1603 contingat,

418 1604 598 1685 pretatione
611 1602 783 1687 scripturae
791 1602 905 1681 sacrae,
914 1604 1016 1667 immo
1027 1603 1148 1686 &quo-
1190 1603 1374 1687 eloquentia
1400 1618 1507 1668 tamen
1522 1599 1653 1667 subinde
1670 1601 1810 1688 quadam
1823 1606 1919 1687 turgi-

416 1688 568 1753 rumlibet
587 1688 726 1754 aliorum
744 1689 931 1768 autberum,
947 1709 1019 1754 eam
1034 1685 1148 1753 admo-
1190 1687 1255 1768 da,
1279 1687 1412 1773 plusque
1429 1688 1602 1766 vauritatis,
1631 1690 1665 1754 br
1686 1687 1919 1769 ostentationis,

416 1771 497 1839 dum
511 1775 715 1841 necessariam
736 1777 812 1855 esse,
828 1797 945 1855 nemo,
961 1771 1017 1841 nili
1035 1772 1148 1839 hanun
1190 1796 1289 1859 quam
1309 1771 1426 1839 solidae
1447 1771 1634 1838 eruditionis
1656 1772 1809 1853 habente,
1838 1774 1919 1843 &se

416 1881 527 1927 rerum
540 1863 635 1945 plane
650 1858 753 1940 rudis,
769 1864 942 1948 negaberit.
1007 1862 1044 1925 ln
1057 1880 1149 1925 men·
1190 1862 1297 1947 ipsos,
1320 1863 1355 1927 dr
1376 1856 1576 1937 dodlrinam,
1592 1881 1772 1947 munusque
1786 1862 1919 1943 sacrum,

416 1966 485 2013 rem
504 1947 623 2013 scilieet
637 1947 775 2013 audioris
793 1952 820 2013 is
843 1946 976 2014 demum
989 1968 1087 2032 quam
1102 1966 1149 2010 re-
1191 1950 1341 2014 omnium
1372 1942 1530 2025 ludibrio,
1553 1946 1661 2011 saltem
1678 1946 1922 2031 prudentiorum

416 2026 553 2101 dlillrme
567 2034 756 2119 penetrabit,
770 2036 825 2119 qui
833 2054 919 2112 eum,
926 2031 1149 2120 quaadr'eslus,
1191 2036 1379 2112 contemtui,
1389 2048 1565 2116 exponunt,
1575 2032 1667 2117 seque
1675 2030 1812 2115 theatro,
1823 2054 1922 2120 quarn

418 2141 484 2205 qua
504 2120 755 2187 circumstantias
771 2142 883 2185 omnes
904 2124 948 2184 ira
963 2116 1150 2203 sibireprae
1193 2118 1366 2206 suggestui,
1390 2122 1546 2202 aptiores,
1566 2116 1797 2187 demonstrant.
1841 2120 1920 2205 Quo

421 2209 601 2288 sentauerit,
615 2224 652 2272 vt
663 2207 750 2275 velut
762 2210 829 2273 eius
843 2207 919 2272 loco
932 2208 1027 2271 verba
1047 2204 1151 2281 neiat,
1196 2226 1304 2272 aurem
1333 2208 1449 2270 maiori
1471 2205 1561 2290 saepe
1586 2202 1736 2272 homines
1781 2208 1920 2294 plebeii,

424 2291 551 2377 ipseque
565 2311 707 2359 mentem
721 2296 788 2359 eius
803 2295 966 2380 exprimat.
976 2288 1076 2375 Quod
1085 2310 1153 2356 tum
1217 2295 1250 2358 ui
1265 2289 1422 2357 eiusmodi
1432 2290 1629 2377 eloquentiae
1641 2294 1764 2374 vmbra,
1779 2313 1924 2380 vanaque

422 2385 461 2447 iu
479 2382 565 2459 aliis,
584 2398 657 2446 tum
678 2383 816 2445 maxime
844 2377 1002 2445 eiusmodi
1019 2377 1153 2463 scriptis,
1195 2314 1316 2465 specie,
1338 2376 1427 2441 facile
1450 2380 1636 2461 capiuntur,
1659 2401 1777 2465 perque
1803 2403 1874 2447 earn
1888 2383 1922 2446 in

423 2487 506 2555 quae
520 2488 559 2533 ex
570 2483 659 2533 certo
672 2463 815 2553 quodam
840 2464 964 2531 adledu
982 2460 1152 2543 fluxerunt,
1196 2486 1329 2532 omnem
1343 2462 1504 2529 versantur
1520 2482 1661 2549 partem,
1686 2464 1760 2532 illos
1780 2485 1922 2533 oratores

422 2553 511 2622 irase
527 2550 655 2635 babere,
666 2572 725 2633 res,
740 2568 832 2637 puto,
848 2550 915 2637 ipsa
930 2549 1034 2618 docet.
1078 2550 1155 2615 Hoc
1197 2551 1430 2638 prosequuntur
1454 2546 1719 2619 admiratione&
1746 2556 1921 2621 ueneratio-

422 2662 505 2707 vero
536 2643 615 2707 citra
640 2636 892 2705 controuersiam
914 2637 1154 2725 imaginationis
1197 2660 1256 2714 net
1279 2659 1319 2704 eo
1332 2637 1479 2722 grauiora
1492 2635 1526 2703 &
1539 2634 1702 2717 ecclesiae,
1717 2640 1803 2705 &rei
1819 2639 1923 2724 publi·

411 2734 512 2811 'opus
525 2724 581 2793 esi.
624 2728 661 2793 In
679 2725 860 2810 eloquentia
874 2744 985 2809 porro,
998 2744 1098 2809 aeque
1117 2744 1156 2790 ac
1197 2746 1252 2791 cae
1266 2720 1540 2801 inseruntdamna,
1553 2722 1817 2806 auetoritateilla,
1826 2745 1925 2812 quam

427 2807 532 2899 poesi,
544 2809 737 2899 imaginandi
745 2812 986 2897 vimvtramque
993 2810 1093 2879 lacere
1100 2830 1156 2895 pa·
1197 2815 1243 2878 ita
1251 2807 1308 2877 srbi
1316 2826 1554 2894 compararunt,
1571 2812 1605 2877 &
1619 2814 1754 2895 irnperio
1774 2809 1925 2901 deruago-

428 2900 663 2985 ginam,oemo
677 2897 785 2964 nescit.
828 2898 1036 2983 Eloquentiae
1049 2914 1157 2965 autem
1199 2893 1926 2985 gico,adomnia,quaeambitio,autaliaquae·

426 2983 502 3052 vsus
514 3006 583 3050 non
595 2982 700 3050 modo
715 2987 750 3049 in
764 2985 960 3050 sermonibus
975 2985 1083 3064 sacris,
1102 2987 1159 3069 qui
1200 2982 1275 3050 dam
1290 2982 1461 3049 malesana
1482 2980 1637 3068 cupiditas
1657 2982 1780 3066 suadet,
1795 2990 1930 3072 turpiter

427 3069 472 3139 ad
482 3072 644 3159 populum
654 3069 883 3152 suntlrabendi,
892 3066 945 3137 sed
957 3073 991 3136 in
1004 3074 1159 3159 aliisquo·
1202 3072 1378 3137 abutentes.
1421 3066 1725 3221 Optandumitaque
1738 3076 1930 3152 omnino,vt

427 3180 493 3245 que
507 3156 671 3245 pastoralis
685 3161 826 3223 muneris
841 3156 1160 3243 sundlionibus,quo-
1204 3154 1317 3243 procul
1339 3155 1378 3219 ab
1405 3152 1488 3220 hisce
1510 3153 1602 3220 sacris
1628 3157 1669 3222 ab
1681 3174 1752 3236 rnt,
1771 3162 1826 3243 qui
1844 3162 1850 3173 '

428 3243 722 3331 tidleconspicitur.
744 3242 950 3330 Intelligenda
966 3242 1163 3313 haecomnia
1207 3246 1263 3310 nio
1277 3244 1334 3307 suo
1351 3244 1446 3307 nimis
1462 3238 1638 3327 indulgent,
1654 3265 1712 3308 nee
1728 3246 1930 3331 irnuginatrb·

428 3333 506 3398 sunt
518 3330 558 3399 cle
572 3334 704 3418 ingenio
721 3333 755 3398 dt
768 3333 1018 3415 imaginatione,
1039 3352 1096 3418 per
1114 3335 1163 3399 iu·
1206 3333 1241 3396 ni
1268 3330 1397 3395 iniicere
1418 3326 1561 3407 frenum,
1583 3350 1715 3414 eamque
1735 3333 1818 3397 intra
1832 3330 1933 3403 iustos

433 3420 755 3503 diciumrempcrata,
777 3418 869 3483 &cui
879 3438 938 3483 nec
950 3418 1102 3500 sapientia
1116 3418 1163 3485 di·
1207 3420 1351 3484 coiecere
1372 3409 1550 3479 didicerunt
1572 3420 1737 3485 terminos,

432 3505 549 3571 restrix
560 3528 598 3570 ac
613 3501 809 3568 moderatrix
823 3500 917 3569 deest.
967 3507 1165 3589 Cereroqein

544 3624 572 3695 ς.
598 3612 663 3685 Vl.
690 3609 882 3685 dicitnriae
896 3618 986 3685 re‘ro
1001 3610 1185 3687 necessitas
1198 3609 1287 3684 inde
1301 3628 1413 3710 patet,
1428 3608 1531 3707 quod
1547 3607 1620 3685 sure
1640 3610 1862 3709 linguarum,
1879 3614 1935 3691 la-

433 3712 553 3799 tinae,
567 3732 726 3809 graecae,
740 3708 899 3799 ebracae,
913 3707 1147 3808 aliarumque,
1160 3707 1325 3807 itemque
1338 3704 1580 3796 historiarum,
1593 3707 1720 3797 ciuilis,
1733 3710 1937 3786 ecclefiasti-

435 3834 514 3898 eae,
526 3806 735 3896 litterariae,
748 3806 891 3895 notitia,
903 3806 1086 3906 prolicere
1099 3806 1139 3881 in
1151 3804 1339 3905 theologia
1351 3828 1431 3878 non
1446 3803 1558 3879 liceat.
1609 3805 1738 3903 Quae,
1762 3827 1803 3880 st
1823 3806 1861 3882 dc
1874 3806 1938 3883 alia

436 3902 735 4004 quamplurima,
753 3927 847 4003 quae
858 3905 1076 4006 theologum
1102 3903 1191 3980 scire
1207 3904 1333 3993 decer,
1351 3926 1437 3976 curn
1459 3900 1656 3978 memoriae
1673 3901 1736 3977 vsu
1749 3900 1941 3997 maximam

438 4020 583 4105 partem
599 3998 837 4093 absoluantur,
852 4024 1031 4100 quantum
1044 4028 1084 4077 ea
1097 4001 1310 4104 praesidium
1324 3998 1480 4088 adferat,
1504 3999 1621 4101 palam
1635 4000 1693 4076 est.
1720 4004 1736 4038 *

534 4120 552 4157 *
574 4120 756 4201 Mcmriaee,
780 4122 885 4206 inquit
907 4141 1001 4186 nnn.
1017 4127 1173 4185 ’or-,oreo
1215 4117 1315 4179 animi
1327 4116 1410 4180 clercs
1420 4116 1644 4181 clradicabunt.
1688 4118 1946 4203 Quiciuililuuc

438 4228 474 4277 rer
483 4228 504 4270 o
514 4224 535 4270 n
545 4226 599 4270 uo
608 4226 642 4270 rr
651 4226 699 4286 vr,
710 4224 828 4291 quanta
834 4210 868 4271 in
882 4207 1109 4291 disciplinarum
1119 4226 1173 4291 ap·
1215 4201 1450 4288 elirn'nirssudiis
1456 4248 1468 4284 ,
1482 4205 1537 4285 qui
1553 4206 1647 4266 etiam
1668 4207 1866 4271 naturalilrm
1877 4210 1949 4273 eni-

433 4291 635 4383 Jrehcnſsoue
647 4294 744 4378 uisfit,
756 4310 891 4378 quantus
903 4296 936 4357 in
948 4294 1033 4357 omni
1039 4294 1174 4378 uirarge-
1216 4310 1301 4353 naum
1314 4289 1518 4371 adplenum,
1530 4291 1680 4355 memoria
1689 4311 1764 4375 opus
1775 4292 1903 4373 halent,
1916 4309 1949 4360 et

440 4402 515 4446 mre
528 4383 604 4463 nstra,
618 4400 706 4444 nemo
717 4384 850 4467 ignorat.
893 4380 954 4444 nn
967 4380 1048 4443 enim
1058 4380 1175 4462 prami-
1217 4392 1315 4437 rorum
1329 4374 1408 4439 iilud
1425 4376 1653 4459 disciplinam
1665 4377 1892 4464 uastiffimnrum
1903 4379 1949 4445 la-

439 4468 541 4531 conda
558 4470 660 4529 omnis
674 4462 818 4552 'scientiae
839 4464 895 4551 ist,
915 4488 953 4531 ac
966 4466 1025 4549 nist
1034 4466 1089 4529 illa
1102 4466 1176 4530 bene
1217 4463 1387 4544 torinnam
1405 4465 1510 4524 animo
1528 4464 1801 4549 comprehendant,-
1810 4464 1948 4551 polybifl.

437 4552 606 4619 corrsitrrta
623 4553 686 4637 Jit,
702 4556 924 4636 materiamque
940 4554 1052 4617 iudicio
1062 4552 1179 4633 ficana-
1222 4547 1315 4611 later.
1331 4548 1349 4610 l.
1363 4550 1405 4612 H.
1418 4569 1442 4609 r.
1461 4550 1514 4612 Vs.
1525 4568 1558 4632 p.
1572 4570 1638 4633 399.
1698 4552 1794 4619 Reele
1811 4552 1950 4639 quidem·

437 4590 557 4728 npdrer,
580 4660 676 4724 quam
687 4641 830 4726 seligat,
857 4640 1016 4723 dspcnfia,
1039 4640 1179 4715 ordinet,
1222 4631 1284 4700 Sed
1301 4630 1358 4699 nist
1384 4632 1538 4713 iudicium
1553 4638 1589 4704 δε
1614 4640 1778 4723 ingenium
1791 4660 1864 4703 curn
1885 4658 1951 4705 me-

437 4728 555 4795 sserr'lia
569 4728 677 4789 emnia
688 4742 788 4805 erunt,
810 4726 848 4796 ω’
858 4727 993 4805 inania,
1010 4742 1182 4807 ceteraeque
1223 4722 1324 4870 ιῃοιὲη
1340 4719 1552 4790 cunwnd'ium
1563 4722 1666 4804 luerit,
1682 4726 1716 4794 dc
1729 4724 1953 4823 iapierrtirequi-

531 4834 609 4881 uve.
633 4832 784 4879 nicanor..
1105 4828 1117 4853 ⁸
1304 4852 1314 4871 ι
1853 4830 1952 4879 retrru
