5259 5967
756 750 821 825 738
998 738 1134 807 LIBRI
1167 738 1522 809 POSTERIORIS
1554 741 1728 809 CAPVT
1765 742 2023 827 QVINTVM

756 900 824 968 per.
837 882 876 951 εἴ
886 880 1038 963 fitcerdot.
1052 879 1182 964 adpend.
1200 900 1236 943 ca
1258 884 1305 945 .1.
1327 890 1361 960 5.
1373 883 1438 946 LV.
1459 898 1494 965 p.
1538 876 1851 964 habeatirnperium3
1874 877 1955 945 illud
1969 881 2218 964 imperantibus,
2227 879 2272 947 seu

761 982 824 1051 451.
829 969 914 1053 seqq.
958 968 1157 1053 Cumprimis
1170 990 1214 1037 no
1243 989 1276 1032 ra
1285 984 1387 1034 aetate
1396 968 1493 1055 agita·
1539 986 1645 1030 rerum
1659 962 1798 1030 dominis
1816 965 1889 1031 dare
1905 989 1975 1032 non
1995 968 2122 1051 potuit.
2173 968 2270 1034 Errare

761 1072 796 1123 ta
810 1054 854 1123 est
867 1053 1009 1140 quaestio
1022 1100 1033 1136 ,
1051 1077 1130 1120 num
1145 1057 1307 1141 principes
1320 1053 1372 1120 seu
1393 1058 1494 1139 impt-
1538 1072 1677 1135 namque
1694 1073 1757 1129 cos,
1770 1055 1825 1137 qui
1839 1052 2001 1119 ecclefiam
2017 1054 2226 1119 vitineis-alem
2240 1076 2268 1119 tt

761 1160 885 1222 rantes,
901 1142 1027 1209 summa
1047 1146 1127 1208 circa
1141 1142 1226 1207 sacta
1242 1138 1397 1228 potesis-:c
1418 1163 1493 1226 gau·
1537 1140 1766 1223 rempublicam
1780 1138 1954 1224 quamdam
1965 1162 2174 1225 ome-ipram,
2187 1142 2268 1228 supra

761 1228 859 1297 deant
872 1248 906 1294 vt
922 1231 1115 1315 imperantes
1131 1230 1182 1297 seu
1197 1230 1368 1317 principes,
1384 1252 1424 1293 an
1443 1250 1491 1293 te·
1537 1232 1600 1291 iun
1619 1225 1806 1303 docuimus,
1828 1250 1942 1311 queo-..2
1999 1230 2052 1289 nm?
2082 1252 2115 1289 :·.·.
2132 1234 2164 1295 dr
2181 1228 2210 1295 ld
2224 1233 2267 1295 ln·

761 1338 800 1383 ro
816 1336 850 1383 vt
863 1315 1004 1403 episcopi
1011 1340 1025 1395 ‚·
1046 1318 1131 1383 Cum
1146 1320 1232 1385 enim
1254 1318 1304 1381 vlit
1328 1336 1491 1401 receptum
1536 1316 1705 1379 ct·!·.a.i:r.·.
1721 1344 1759 1393 ·.‚
1780 1324 1840 1379 tcr'
2002 1338 2023 1353 ··
2088 1338 2156 1381 ares
2182 1314 2266 1381 iolla

761 1402 809 1485 fit,
823 1406 984 1491 principes
997 1406 1094 1471 etiam
1109 1406 1388 1491 epifi-oponlitius,
1401 1399 1489 1489 quod
1535 1400 1745 1487 cu'iegioum
1775 1400 1802 1465 sc
1823 1414 1931 1466 trau...
2058 1436 2071 1467 ,-
2106 1402 2266 1470 detristi

759 1494 846 1558 circa
858 1492 943 1557 sacra
958 1492 1107 1573 versatur,
1120 1514 1170 1557 tus
1183 1489 1343 1575 epifiopale
1359 1511 1490 1563 vocare,
1533 1488 1734 1553 summorum
1762 1488 1988 1573 imperantium
2019 1512 2094 1553 r·..nt
2125 1494 2266 1557 obnoxia.

761 1578 915 1645 nonnulli
929 1582 965 1643 in
982 1601 1053 1645 eam
1067 1572 1188 1665 ingressi
1202 1578 1275 1643 sunt
1288 1576 1489 1656 sententiam,
1534 1576 1574 1639 Et
1598 1577 1638 1637 ira
1661 1576 1781 1640 taribus
1809 1576 2012 1640 suromortun
2043 1600 2264 1663 llr·rp:r.lnt.l.ln

728 1738 734 1747 ,
759 1672 810 1733 ius
824 1663 903 1731 illud
918 1667 999 1730 circa
1014 1666 1117 1744 sacra,
1140 1662 1162 1729 fi
1179 1666 1316 1749 primam
1331 1668 1490 1750 originem
1534 1662 1735 1749 prospicitur,
1751 1680 1787 1726 vt
1801 1660 1944 1728 ecclesiae
1957 1664 2043 1728 nihil
2060 1664 2138 1729 inde
2153 1665 2192 1735 nd
2205 1689 2262 1730 nu·

758 1752 897 1837 speon,
919 1772 1016 1837 peaes
1033 1748 1194 1817 eeclesiam
1208 1750 1285 1831 e'Te,
1302 1775 1321 1815 a
1336 1773 1397 1837 qua
1410 1749 1490 1816 illud
1534 1767 1596 1829 tur,
1610 1770 1667 1812 nec
1682 1752 1830 1835 religioni
1841 1751 1939 1814 vllum
1950 1756 2263 1841 erecturpericulum.

757 1842 793 1907 in
809 1838 950 1903 sttttm‘ts
963 1840 1153 1925 imperantes
1166 1834 1204 1905 stt
1218 1840 1418 1915 translatum,
1434 1838 1490 1923 qui
1534 1831 1821 1915 Quemadmodum
1841 1840 1928 1902 enim
1949 1834 2093 1923 potestas
2116 1842 2170 1905 illa
2189 1842 2259 1905 sum·

757 1922 842 1991 adeo
854 1922 970 1991 eodem
986 1946 1056 1991 non
1072 1944 1108 1992 vt
1123 1924 1299 2011 piincipes,
1321 1925 1374 1992 seu
1392 1928 1489 2007 impe·

756 2030 874 2089 rantes,
890 2009 941 2077 sed
952 2030 989 2077 vt
1001 2012 1141 2097 episcopi
1154 2012 1320 2097 gaudeant.
1370 2011 1430 2077 Sed
1444 2032 1489 2075 er·

756 2120 812 2166 tor
827 2096 901 2163 inde
915 2115 1035 2179 enatus,
1050 2098 1138 2184 quod
1152 2122 1225 2163 vera
1240 2100 1273 2165 dt
1286 2100 1489 2184 genuinavo·

757 2188 802 2254 cis
816 2188 965 2269 episopus
984 2182 1171 2271 fignificatio
1185 2188 1219 2251 io
1236 2184 1360 2251 ecelesia
1382 2204 1488 2249 roma·

755 2294 798 2339 na
813 2272 938 2359 prorsus
953 2271 990 2338 sit
1004 2291 1184 2338 immutata.
1241 2274 1327 2336 Cum
1348 2286 1487 2356 namque

753 2358 931 2427 secondum
951 2359 1137 2445 scripturam
1154 2359 1270 2424 sacram
1284 2359 1423 2443 episcopi
1437 2360 1487 2422 ni-

754 2444 802 2511 hil
818 2443 903 2511 aliud
912 2442 980 2525 smt,
995 2444 1353 2533 quampasiores,atque
1363 2442 1487 2530 dispen-

752 2532 870 2598 satores
886 2532 1110 2619 mysteriorum
1125 2534 1197 2611 Dei,
1208 2552 1348 2617 quorum
1362 2528 1485 2680 cispa-

751 2622 836 2686 scere
851 2640 995 2705 gregem,
1017 2619 1080 2685 hoc
1103 2616 1163 2697 cli,
1184 2618 1295 2684 docete
1312 2620 1346 2684 &
1364 2638 1417 2682 eru
1443 2622 1486 2685 ire

752 2707 931 2793 populum,
953 2728 989 2769 ac
1004 2707 1198 2769 sacramenta
1214 2708 1272 2769 rite
1286 2702 1482 2770 administra-

748 2814 786 2859 re
804 2815 813 2864 ς
836 2794 871 2855 in
890 2811 1026 2857 romana
1046 2788 1176 2857 tandem
1193 2788 1321 2857 ecclesia
1344 2788 1484 2876 episcopi

750 2876 901 2965 adpellari
915 2878 997 2959 sunt,
1006 2880 1061 2965 qui
1073 2880 1216 2965 regimen
1229 2874 1483 2959 ecclefiae,adeo-

750 2962 1483 3053 queiuscircasacra,quodimpetantiumpro-

775 3056 858 3119 rium
872 3050 926 3133 cll,
940 3050 994 3118 sibi
1003 3052 1225 3127 vindicarunte
1247 3052 1323 3117 hinc
1337 3053 1371 3117 ὅ(
1385 3054 1432 3117 ius
1446 3049 1482 3115 il-

748 3076 825 3220 sud,
842 3138 931 3224 quod
945 3144 1027 3205 circa
1041 3140 1124 3205 sacra
1133 3139 1271 3203 versatur
1277 3183 1288 3218 ‚
1309 3140 1357 3200 im
1377 3139 1482 3220 episco-

745 3228 816 3313 pale
830 3228 935 3290 vorari
951 3230 1067 3308 coepit.
1111 3223 1261 3308 istudque
1276 3228 1323 3287 ius
1340 3228 1421 3288 circa
1436 3224 1479 3287 sa-

749 3335 802 3378 cra
817 3333 891 3375 cum
906 3314 1066 3393 principes
1080 3308 1285 3392 protestantes
1300 3314 1381 3373 cirta
1394 3313 1480 3376 initi·

747 3420 805 3464 um
820 3395 1055 3460 reformationis
1070 3392 1213 3462 ecclesiae
1229 3394 1428 3479 postliminio
1442 3393 1478 3461 sr-

747 3486 780 3549 bi
794 3487 909 3548 iterum
922 3478 1117 3558 adsererenrt
1140 3503 1211 3547 mos
1226 3485 1478 3568 mmenloquen-

1534 1943 1666 1987 morum
1696 1926 1926 2009 imperantium
1947 1923 1989 1989 ad
2011 1944 2146 1993 externa
2169 1929 2262 1993 solum

1532 2008 1662 2094 spediut,
1676 2032 1776 2095 eaque
1790 2034 1806 2076 a
1821 2012 1973 2097 scriptura
1989 2011 2076 2078 sacra
2096 2013 2263 2083 nondtter·

1532 2099 1673 2171 minata,
1693 2101 1735 2161 itu
1747 2102 1827 2163 circa
1838 2120 1884 2171 ea,
1897 2118 1980 2183 quae
1994 2121 2033 2163 tx
2047 2101 2261 2189 scriptumest·

1531 2203 1601 2247 crae
1613 2183 2038 2269 praescriptocredendaaut
2052 2190 2175 2263 agenda
2185 2191 2260 2267 sunt,

1529 2268 1611 2335 nihil
1626 2276 1701 2335 iuris
1719 2268 2261 2361 hominibus,quicumquedtmunr

1530 2354 1608 2436 sint,
1633 2357 1778 2423 relistum
1794 2356 1836 2423 eli
1851 2381 1861 2433 3
1891 2354 1979 2435 &,sr
1998 2364 2193 2446 imperantes
2211 2364 2262 2429 ali·

1529 2441 1618 2529 quid,
1632 2443 1721 2529 quod
1734 2443 1814 2510 hise
1829 2450 2033 2513 contrarium
2050 2448 2099 2531 sn,
2113 2449 2262 2518 constitu

1528 2550 1580 2595 ete
1594 2528 1744 2611 audeant,
1765 2535 1834 2598 Deo
1847 2536 1962 2619 magis,
1974 2556 2073 2621 quam
2083 2535 2258 2605 illisubedi-

1528 2615 1650 2682 endum
1665 2618 1743 2698 elle,
1759 2622 1924 2685 nouimus.
1995 2622 2169 2703 Praeterea,
2184 2644 2255 2689 cum

1527 2700 1654 2769 ecclesia
1669 2708 1799 2789 quaeuis
1816 2710 2019 2789 particularis
2034 2708 2253 2799 instarcollegii

1527 2787 1581 2855 scu
1596 2789 1755 2857 societatis
1770 2794 1989 2877 particularis,
2013 2795 2067 2864 sed
2080 2796 2256 2885 dependen-

1528 2878 1579 2956 tis,
1595 2881 1814 2963 concipiaturt
1836 2880 1960 2947 iuribus
1974 2903 2109 2970 quoque
2122 2909 2173 2953 ers
2185 2907 2256 2973 gau·

1526 2960 1598 3029 dere
1608 2965 1836 3051 collegialibus,
1849 2964 1925 3059 inde
1935 2970 2162 3059 consequitur3
2183 2993 2257 3058 quae

1525 3070 1601 3115 cunr
1615 3052 1683 3117 aliis
1697 3051 1853 3117 eiusmodi
1863 3058 2072 3137 societatibus
2082 3062 2253 3128 concedan-

1525 3153 1594 3215 tur,
1612 3138 1744 3205 ecclesiis
1757 3160 1793 3205 ea
1810 3137 1983 3228 denegare,
2001 3150 2151 3234 iniquum
2167 3148 2249 3213 toret.

1525 3226 1611 3288 Inter
1623 3246 1678 3290 eos
1693 3247 1781 3304 vero,
1796 3229 1853 3311 qui
1868 3231 1903 3293 in
1916 3240 2119 3301 contrariam
2133 3240 2246 3302 iuerunt

1524 3310 1712 3377 senteutiam
1728 3359 1738 3391 ,
1761 3316 1795 3381 &
1810 3317 2007 3399 imperantes
2022 3342 2058 3388 vt
2077 3324 2249 3409 episcopos,

1522 3419 1592 3461 non
1607 3419 1716 3464 autern
1730 3421 1764 3466 vt
1777 3403 1982 3485 imperantes,
2000 3413 2071 3477 iure
2083 3412 2249 3476 circasacra

1521 3481 1666 3570 gaudere,
1680 3486 1894 3571 adseruerunt,
1903 3497 2028 3561 eminet
2043 3519 2094 3564 ro.
2108 3518 2129 3563 a
2140 3517 2252 3563 anau.

745 3568 779 3636 di
798 3588 940 3653 receptus
957 3566 1123 3636 hincinde
1144 3567 1331 3654 permansit,
1352 3568 1476 3635 utillud
1520 3591 1815 3656 annuariam,
1837 3580 1927 3647 cuius
1939 3588 2158 3649 commentario
2172 3583 2250 3647 thro.

744 3659 793 3721 ius
814 3657 997 3740 episcopale,
1020 3658 1054 3723 δι
1068 3653 1122 3741 ipfi
1138 3662 1333 3743 imperantes
1354 3658 1478 3740 episcopi
1520 3657 2018 3754 logicadepooflareccclrfiastica,
2034 3683 2249 3756 quaemnocaent,

743 3742 931 3810 dicerentur.
981 3744 1146 3829 Petpcrant
1162 3743 1309 3829 quidemr
1322 3741 1476 3828 siquidem
1520 3761 1659 3825 externa,
1670 3768 1763 3833 penes
1777 3772 1866 3834 quem
1881 3757 2061 3820 radicaliter
2060 3759 2117 3841 ſs'r
2133 3760 2171 3826 ὅ
2182 3757 2246 3839 qai·

743 3828 803 3897 hic
816 3834 942 3897 ratione
956 3853 1030 3896 vcra
1045 3836 1138 3896 notio
1147 3835 1235 3895 vocis
1251 3830 1350 3909 iilius,
1361 3852 1397 3897 ex
1406 3830 1475 3894 scri-
1518 3832 1575 3895 bur
1584 3837 1728 3915 potibus
1741 3840 1947 3922 contineatur,
1960 3843 2117 3929 Μανία,
2130 3844 2246 3929 dogma·

741 3938 836 4071 ptura
851 3918 948 3996 sacra,
962 3939 1030 3983 non
1043 3918 1140 3985 exvsu
1150 3915 1296 3984 ecclesiae
1308 3938 1475 3997 romanae,
1517 3920 1586 3999 rice,
1598 3920 1743 4004 polonice
1758 3926 1797 4005 εἰ
1804 3930 1942 4008 proiice
1955 3930 2109 4016 instituta,
2122 3936 2159 4001 θ’
2173 3930 2250 3992 edita

765 4004 927 4084 aurienda,
940 4008 1152 4091 peruertitutt
1177 4007 1211 4073 &
1226 4009 1261 4070 in
1274 4026 1415 4071 errorem
1429 4024 1474 4072 et·
1518 4008 1551 4069 in
1568 4009 1710 4092 gratiam
1730 4014 1884 4094 omnium,
1904 4018 1960 4098 qui
1975 4018 2091 4104 dogma
2116 4018 2172 4081 hoc
2184 4038 2246 4080 m.

740 4094 806 4158 iam
827 4091 920 4159 istum
944 4095 1074 4178 plurimi
1096 4091 1310 4173 inducuntur,
1335 4113 1372 4158 ac
1387 4090 1408 4158 st
1424 4095 1472 4158 ius
1509 4114 1608 4181 gnum
1622 4098 1661 4163 (ἔ
1672 4098 1805 4162 arduum
1817 4104 1988 4185 cognoscere
1994 4106 2247 4189 plenius,&con·

739 4181 821 4244 circa
835 4180 917 4245 sacra
938 4201 1043 4247 rerum
1056 4179 1219 4261 dominis,
1239 4201 1307 4245 non
1321 4199 1356 4244 vt
1369 4183 1472 4265 impe·
1515 4184 1688 4267 trouerfias,
1704 4186 1742 4248 de
1755 4206 1805 4261 co,
1820 4208 1898 4271 quat
1911 4188 2006 4255 hodie
2019 4194 2116 4257 denuo
2128 4193 2245 4277 agitan-

737 4268 892 4347 rantibus,
900 4265 951 4333 sed
959 4288 994 4334 vt
1003 4268 1157 4354 episcopis
1166 4270 1350 4333 conueniat.
1361 4269 1472 4332 Enim·
1513 4284 1578 4349 tur,
1593 4274 1703 4339 relisus
1716 4273 1883 4336 diiudicare
1896 4280 2028 4361 cupiunt
2039 4283 2100 4351 &a
2123 4275 2242 4346 Gothae

739 4372 819 4417 ueto
835 4375 908 4417 cum
916 4359 964 4420 ius
972 4354 1051 4422 illud
1059 4360 1135 4421 citra
1143 4351 1391 4421 controuersiam
1401 4377 1470 4439 pars
1519 4374 1598 4437 1721
1618 4361 1720 4425 lucem
1736 4358 1885 4444 adspexit,
1903 4366 2078 4450 &prorsus
2090 4365 2239 4433 huccom.

740 4436 778 4505 fit
792 4439 908 4503 summi
922 4443 1065 4526 imperim
1088 4465 1156 4508 non
1171 4441 1273 4528 potest
1287 4445 1328 4507 ab
1340 4466 1379 4509 eo
1389 4444 1472 4528 sepa·
1514 4464 1622 4528 patara
1638 4444 1690 4513 eli.
1733 4444 1955 4531 Adpendieem
1969 4452 2244 4540 quoquesubiecir,

736 4530 820 4601 rari,
843 4525 946 4589 multo
957 4533 1064 4596 minus
1078 4530 1235 4617 episcopis
1251 4532 1368 4609 tribui,
1388 4552 1469 4615 quo·
1513 4534 1549 4596 in
1564 4556 1626 4618 qua
1640 4534 1752 4617 scripta
1771 4532 1930 4619 quaedam
1946 4546 2147 4622 recentiora,
2162 4538 2243 4605 idem

735 4632 809 4679 rum
825 4631 941 4677 munus
955 4612 999 4680 est
1012 4638 1082 4681 non
1094 4621 1259 4703 imperare,
1275 4615 1328 4684 sed
1345 4618 1468 4685 docere.
1511 4638 1736 4707 argumentum
1746 4625 1945 4711 attingentia,
1962 4647 2150 4696 atanasi
2169 4627 2242 4691 scili·

733 4694 867 4773 Ecclesa
881 4718 1012 4793 quoque
1026 4702 1468 4795 usespettatacumnulum
1510 4726 1561 4787 set
1580 4726 1727 4783 artant
1747 4708 1882 4801 libriin,
1900 4710 2121 4806 inscriptum:
2152 4714 2239 4873 lips:

440 5016 748 5280 h
