5259 5967
1027 691 1534 775 PRAEFATIO.

570 786 2006 840 mah-..m

558 893 624 945 eos
636 887 698 941 me
718 860 1319 983 ndrriguamimpedirepotuile,
1344 861 1618 963 quomirursi&
1635 859 1711 969 ipse
1725 860 1909 943 eiusmodi
1923 862 2017 966 quid

557 963 879 1066 susciperem,iton
900 958 1135 1055 diffitebitur,
1149 961 1216 1064 qui
1228 960 1359 1041 euntia
1372 962 1496 1067 paullo
1511 961 1716 1040 adcuratius
1729 956 1854 1037 lecum
1866 960 2016 1065 ponde-

559 1062 701 1143 rauerit.
770 1059 801 1138 E
850 1061 908 1141 uis
925 1060 1028 1138 enim
1041 1060 1111 1153 est,
1124 1061 1191 1162 qui
1210 1062 1381 1164 ignoret,
1405 1062 1610 1143 litterarum
1626 1059 1744 1138 studia
1758 1083 1840 1135 non
1853 1084 1932 1137 vno
1948 1084 2015 1139 eo-

559 1162 646 1241 dem
673 1181 722 1237 ue
736 1084 930 1237 conosdlere
943 1158 1050 1251 looo,
1077 1155 1139 1235 sed
1153 1158 1325 1262 quotidie
1339 1160 1480 1238 munti
1530 1159 1648 1238 Certe
1656 1160 1734 1272 qui,
1750 1156 1916 1235 eamdem
1930 1158 2014 1236 illo-

559 1185 859 1340 rumhodieaffe
872 1255 1022 1349 faciem,
1049 1254 1113 1334 libi
1135 1256 1365 1361 persuaserit,
1391 1284 1485 1361 quae
1500 1278 1587 1336 ante
1601 1258 1752 1360 viginti,
1767 1278 1828 1333 aut
1847 1257 2010 1335 omnino

558 1357 710 1462 triginta
730 1380 868 1449 annos,
894 1354 983 1449 fuit,
1010 1352 1048 1432 se
1067 1355 1079 1432 i
1106 1380 1236 1435 narum
1256 1381 1389 1435 eorum
1414 1358 1605 1450 omnium,
1660 1381 1727 1435 uae
1750 1356 1792 1431 in
1814 1356 1907 1432 orbe
1930 1380 2015 1433 eru-

558 1457 640 1536 dito
678 1477 853 1550 eruntur,
876 1383 1148 1534 demonstrahit
1197 1455 1369 1556 Qodvt
1385 1457 1426 1536 in
1440 1457 1549 1535 omni
1568 1480 1635 1534 eru
1664 1454 1789 1534 'tionis
1812 1479 1949 1557 genere
1964 1454 2015 1531 ita

559 1554 597 1636 se
609 1480 740 1639 iidata
764 1552 814 1632 stc
826 1577 900 1635 nee
912 1577 1010 1647 eam,
1029 1578 1101 1655 qua
1120 1554 1342 1658 theologum
1359 1556 1545 1636 imbutum
1565 1552 1636 1634 erre
1651 1552 1779 1648 decet,
1799 1550 2017 1632 mutationis

516 1746 519 1750 ⁸
561 1654 662 1733 istius
672 1673 865 1759 expertem
884 1652 954 1732 else
961 1703 974 1743 ,
999 1651 1232 1731 manifestum
1251 1653 1312 1733 est
1370 1657 1491 1734 lmmo
1506 1655 1605 1734 ntrlla
1627 1651 1838 1768 theologiae
1882 1675 1937 1729 ars
1951 1652 2016 1744 est.

590 1775 658 1830 uae
671 1760 754 1829 nori
766 1750 877 1843 nouis
890 1752 932 1829 in
946 1750 1078 1840 dies‚s1
1092 1776 1174 1831 non
1185 1752 1392 1848 illustretur,
1400 1775 1501 1832 certe
1514 1753 1820 1839 obruatur-libna
1893 1749 2017 1829 srnon

638 1850 646 1866 '
677 1872 783 1944 r,aut
795 1852 907 1953 magis
921 1848 1128 1956 perspicua,
1142 1872 1244 1929 certe
1258 1851 1470 1945 hominum,
1480 1850 1611 1931 cundia
1626 1853 1668 1927 in
1679 1852 1792 1933 maim
1808 1849 2018 1964 meliusque

590 1949 774 2028 rouchere
795 1948 1045 2062 cupientium,
1066 1947 1130 2027 dili
1157 1949 1277 2044 entia,
1316 1951 1442 2029 nescio
1463 1976 1509 2028 an
1534 1949 1694 2064 semper,
1715 1972 1779 2029 aut
1800 1949 2019 2052 tempestiua

561 1975 664 2142 iaris,
688 2045 1111 2142 aut-felin,diffufiorte
1139 2048 1251 2127 datur.
1299 2050 1391 2144 Quo
1406 2049 1591 2129 difficilior
1613 2046 1911 2157 rtaqgnhincad
1925 2056 2016 2126 'ern-

565 2145 749 2224 ditionem
762 2146 1015 2247 theologicam
1032 2148 1151 2225 oritur
1163 2146 1301 2235 aditus,
1354 2175 1482 2253 uoque
1505 2148 1625 2227 maior
1643 2170 1683 2227 ot
1703 2172 1827 2227 rerum
1850 2143 2017 2225 &libro

565 2269 651 2324 rum
665 2243 703 2325 se
721 2240 833 2323 offert
852 2244 897 2323 iis
911 2236 1040 2352 copia,
1065 2247 1132 2349 qui
1145 2245 1191 2324 ad
1212 2272 1292 2327 eam
1312 2176 1377 2329 sdi
1396 2245 1681 2351 comparandam
1701 2248 1866 2325 animum
1887 2243 2018 2322 adiun-

567 2367 679 2445 gunt3
703 2368 751 2422 eo
766 2343 889 2423 minus
907 2344 1003 2425 duce
1016 2344 1180 2460 quodam
1199 2371 1323 2425 carere
1347 2346 1515 2451 poliunt,
1548 2347 1615 2448 qui
1631 2343 1734 2422 retlo
1756 2370 1823 2423 eos
1842 2343 2019 2421 incedere

412 2466 417 2473 ·
567 2445 734 2536 tramite,
753 2443 920 2522 &noxia
940 2467 1001 2525 aut
1021 2444 1165 2521 mutilis
1188 2440 1335 2548 fugere,
1361 2444 1560 2523 conserua
1582 2466 1715 2525 contra¹
1736 2441 1951 2548 profutura,
1980 2441 2020 2520 δι

568 2539 777 2635 necessaria,
797 2538 939 2621 doceat.
993 2541 1186 2623 Nimirum
1209 2567 1291 2622 non
1310 2544 1494 2623 librorum
1515 2543 1633 2622 modo
1655 2562 1768 2644 atque
1776 2540 2019 2645 scriptorum,

569 2644 703 2742 quibus
730 2640 800 2719 viri
828 2638 939 2719 dodi
957 2642 1175 2720 memoriam
1201 2640 1302 2721 suam
1326 2642 1576 2722 transmittere
1608 2640 1654 2720 ad
1673 2640 1857 2746 posteros,
1872 2640 2019 2731 volunt,

567 2743 677 2848 eopia
688 2740 730 2816 in
742 2734 962 2819 immensum
974 2736 1152 2819 excrescit
1168 2762 1383 2831 numeruma
1407 2738 1479 2821 sed
1492 2764 1675 2822 nouarum
1689 2746 1844 2843 quoque
1864 2737 2018 2843 opinio·

569 2864 680 2933 num,
698 2836 978 2930 sententiamm,
1001 2861 1191 2934 errorum,
1207 2836 1562 2934 controuersranrm,
1582 2836 1733 2917 vberior
1745 2837 1907 2941 exsurgit
1920 2863 2019 2940 qno-

569 2938 661 3018 tidie
683 2935 800 3039 segcs,
824 2934 863 3013 &
881 2937 1005 3014 totum
1028 2934 1237 3039 theologiae
1247 2937 1438 3115 rssemffit
1461 2962 1652 3041 campum,
1673 2958 1713 3014 vt
1736 2939 1890 3039 ubique,
1914 2935 2020 3040 quod

570 3034 843 3149 explorandum
856 3034 1072 3137 diligenter,
1097 3033 1233 3115 &non
1300 3034 1666 3141 eeireumspeciione
1681 3033 2020 3125 adsumendumsrt,

435 3174 441 3183 ·
570 3136 813 3215 inueruamus.

681 3238 695 3311 l
726 3228 804 3309 sum
826 3252 945 3338 porro
971 3231 1091 3310 hocce
1118 3230 1165 3309 de
1186 3228 1370 3310 methodo
1396 3230 1506 3312 studii
1528 3230 1734 3335 theologici
1763 3252 2021 3335 argumentum

570 3332 667 3411 docl'
697 3355 876 3423 imorum,
902 3331 968 3432 qui
982 3327 1024 3406 in
1037 3355 1085 3407 eo
1103 3331 1244 3433 ingenii
1264 3333 1361 3409 vires
1381 3331 1576 3437 periclitati
1595 3328 1700 3424 sunt,
1727 3332 1893 3409 virorum
1914 3354 2019 3406 com-

570 3427 885 3518 mentationibus,
919 3430 1156 3531 quantumuis
1185 3454 1388 3531 numquam
1420 3428 1502 3509 satis
1521 3427 1734 3523 laudandis,
1769 3428 1943 3507 nondum
1969 3430 2019 3505 ita

570 3526 719 3635 prorsus
735 3526 949 3605 exhaustum
961 3527 1030 3619 est,
1056 3526 1149 3630 quin
1162 3529 1363 3630 excogitari
1375 3528 1495 3608 adhuc
1509 3526 1706 3632 quaedam,
1727 3527 1887 3605 adriam
1916 3524 2018 3603 istam

573 3628 777 3707 faciliorem
790 3624 1033 3717 reddendam,
1058 3647 1169 3729 atque
1190 3627 1355 3705 inuentis
1373 3626 1460 3706 addi
1478 3624 1625 3732 poliant
1692 3626 1933 3719 ·Etenim,.-vt
1955 3624 2020 3705 alie

571 3749 726 3820 taceam,
758 3722 1015 3811 cruciationem
1049 3722 1097 3800 de
1128 3723 1187 3803 ori
1212 3726 1299 3818 ine,
1333 3724 1595 3810 incrementis,
1628 3722 1731 3820 fatis,
1761 3723 2019 3828 corruptione,

541 3866 545 3873 ·
571 3824 833 3904 emendatione
857 3822 1076 3925 snrgularum
1097 3751 1305 3924 theofogiae
1325 3826 1504 3929 partium,
1529 3823 1573 3903 ab
1588 3822 1672 3938 ipsas
1686 3848 1812 3935 earum
1830 3821 2019 3913 natalibus,

573 3922 619 4003 ad
638 3924 799 4001 nostram
818 3944 937 4023 voque
957 3940 1131 4015 tentem,
1157 3943 1219 3999 aut
1241 3921 1348 4026 plane
1366 3922 1628 4028 praetermitti,
1656 3943 1719 3999 aut
1738 3922 1870 3999 lerntet
1891 3919 2018 3999 admo

573 4022 664 4105 dum
684 4024 726 4099 in
745 4018 931 4101 eiusmodi
950 4018 1079 4097 libellis
1101 4020 1254 4122 attingi,
1293 4022 1483 4107 uenirem
1505 4020 1616 4134 sugit.
1691 4018 1802 4101 Hanc
1819 4043 1911 4097 uero
1937 4042 2019 4105 nou

571 4120 688 4197 modo
702 4118 850 4213 vtilem,
874 4115 939 4195 sed
966 4117 1195 4198 netellariam
1215 4118 1364 4223 prorsus
1384 4118 1474 4214 effe,
1500 4119 1699 4209 existimo,
1718 4140 1770 4197 vt-
1807 4118 1862 4199 uis
1886 4118 1932 4195 in
1949 4117 2019 4194 isto

576 4243 726 4322 campo,
752 4218 854 4295 redo
867 4216 1018 4305 itinere,
1034 4216 1072 4295 &
1086 4214 1271 4295 inoffenso
1289 4218 1468 4322 progredi
1481 4240 1594 4325 queat
1613 4216 1720 4323 pede.
1826 4242 1897 4297 uce
1909 4215 2019 4293 enirn

574 4317 757 4396 clarillrma
770 4316 905 4395 haecce
917 4340 1002 4421 pars
1021 4315 1191 4394 historiae
1206 4315 1400 4430 litterariae
1420 4318 1564 4430 omnia·
1597 4313 1786 4430 eth-rodit,
1810 4316 2020 4429 caliginem-

573 4412 1512 4618 un:transumunturaaran
1527 4342 1948 4595 inhorrens
1975 4432 2018 4591 r

575 4541 726 4711 aedem,
748 4613 844 4690 inre
865 4636 947 4689 non
960 4610 1071 4692 dubia
1090 4566 1314 4715 argumeniis
1336 4615 1430 4693 mihi
1459 4614 1641 4711 vtendrun
1665 4608 1754 4693 effet
1768 4635 1849 4690 uon
1863 4606 2020 4689 netella-

449 4718 457 4725 ’
573 4708 645 4793 riis.
707 4709 1618 4881 nequentenmhocatiaavirienditiaimir
1672 4710 2025 4891 uui-inuria&
