5259 5967
829 691 893 757 DE
920 682 1226 759 THEOLOGIA
1249 694 1563 765 SYMBOLICA.
1884 721 1945 784 471

534 838 559 910 ς.
574 822 759 931 xllQi
782 820 961 921 symbola,
983 824 1171 923 librosque
1193 824 1415 925 symbolicos
1438 828 1745 929 interpretantur,
1768 854 1849 905 non
1873 834 1944 908 vna

534 944 647 1021 mque
662 918 701 993 rd
716 920 855 997 faciunt
870 924 1021 996 ratione.
1058 923 1315 1027 urarimopere
1333 947 1457 1001 tamen
1479 928 1626 1003 illorum
1650 928 1944 1005 commendanda

534 1016 701 1105 rdustria,
718 1019 781 1130 qui
798 1018 1104 1132 antiquitatem&
1119 1022 1306 1098 historiam
1320 1024 1414 1099 illins
1432 1025 1622 1125 temporis,
1648 1050 1725 1126 quo
1748 1026 1942 1126 quodlibet

534 1116 651 1193 >olum
666 1140 931 1191 conemnatum
950 1120 1028 1211 suit,
1050 1145 1089 1192 rn
1106 1120 1298 1197 snbfidium
1315 1146 1458 1197 vocant.
1510 1120 1609 1197 Cum
1632 1123 1731 1198 enim
1759 1124 1942 1199 eiusmodi

534 1238 575 1291 ‚ta
608 1212 761 1291 aliorum
787 1214 976 1293 sententiis
999 1241 1059 1294 aut
1084 1219 1412 1295 obtretlationibus
1438 1221 1558 1323 praeci
1588 1246 1634 1296 uc
1661 1222 1826 1323 opposta
1856 1224 1942 1301 lintt

543 1313 692 1388 demum
706 1312 804 1387 redle
822 1313 949 1391 eadem
962 1316 1218 1418 intelligemus,
1233 1344 1328 1408 cum,
1344 1348 1357 1391 t
1372 1343 1522 1395 uaenam
1535 1248 1616 1395 iliae
1631 1318 1842 1413 sententiae,
1852 1344 1941 1395 uuas

534 1412 627 1501 lunt,
641 1411 679 1485 ἃ
696 1436 874 1510 quaenam
889 1412 1153 1517 imputationes
1168 1438 1229 1491 aut
1243 1345 1539 1508 obtreilationes,
1563 1444 1649 1516 quas
1666 1442 1795 1493 eornm
1818 1442 1881 1495 aut
1899 1442 1940 1491 o-

545 1507 582 1585 se
598 1508 832 1600 amoliuntur,
848 1508 999 1603 fuerint,
1015 1515 1206 1614 cognitum
1225 1514 1334 1589 nobis
1351 1537 1460 1615 atque
1482 1514 1710 1617 perspee'lnm
1734 1514 1853 1593 fuerit.
1876 1519 1891 1553 *

534 1630 543 1667 l
566 1626 652 1689 Cum
666 1625 821 1690 librorum
833 1626 1083 1712 symbolicotum
1099 1650 1169 1694 non
1212 1650 1326 1696 corum
1356 1648 1448 1694 antea
1465 1634 1668 1711 monuimus,
1699 1634 1752 1695 vbi
1776 1632 1809 1698 &
1831 1648 1941 1695 casa.

534 1710 554 1777 it
573 1715 666 1790 ratio,
682 1732 779 1796 quam
796 1715 1168 1798 reliquorumlibrotuma
1212 1738 1446 1783 Loescnsar
1477 1720 1726 1801 disputantium,
1768 1720 1940 1781 tna-lemma

534 1802 652 1884 nequit,
670 1800 748 1883 quin
759 1798 931 1885 aliquando
952 1804 1034 1866 cirea
1056 1822 1167 1868 verum
1209 1801 1445 1885 rapinane-aaa
1457 1804 1626 1887 baalalisa,
1643 1802 1724 1868 hanc
1741 1808 1774 1867 in
1788 1826 1854 1867 rem
1870 1804 1937 1867 lau-

534 1890 667 1953 nuinum
680 1886 809 1953 illorum
823 1886 946 1952 sensum
962 1885 1096 1955 dubium
1110 1889 1167 1953 ali·
1209 1888 1367 1954 dauimus.
1412 1889 1535 1955 Deinde
1546 1894 1618 1955 vrin
1628 1892 1695 1954 aliis
1709 1890 1894 1975 scriptis,ita
1907 1891 1942 1955 dc

543 1974 732 2039 suboriatur.
798 1972 896 2059 ldque
919 1975 1165 2061 &experientia
1210 1978 1245 2042 in
1260 1976 1349 2043 libris
1364 1974 1545 2063 symbolicis
1562 1974 1941 2061 dispiciendum,anver·

534 2086 548 2141 ·,
566 2059 762 2147 &exemplis
776 2058 919 2143 infinitis,
940 2057 1058 2147 fiopus
1083 2064 1169 2143 esset,
1212 2065 1251 2129 ba
1267 2064 1407 2147 genuina
1428 2059 1488 2127 smt
1502 2060 1539 2129 &¹
1557 2066 1694 2148 integra,
1711 2066 1845 2129 minime
1869 2084 1941 2128 cor-

534 2150 648 2214 ›robari
664 2148 773 2231 pollet.
824 2152 885 2227 Sic,
902 2170 976 2215 cum
990 2153 1025 2215 in
1038 2148 1169 2213 articulo
1214 2166 1309 2233 rupta
1326 2169 1361 2213 ac
1376 2151 1578 2234 interpolata.
1644 2153 1699 2213 No
1716 2176 1722 2211 a
1738 2172 1858 2214 naniam
1881 2150 1941 2215 ess'e

534 2234 717 2319 doftmlaoli,
732 2232 820 2319 quod
841 2256 985 2310 vocatur,
1004 2235 1168 2323 apostoliea,
1212 2234 1314 2300 hocce
1326 2239 1501 2315 monitum,
1527 2236 1577 2300 vel
1593 2257 1629 2299 ex
1649 2235 1828 2301 discrimine
1849 2238 1940 2301 otri·

534 2325 588 2404 astas
603 2320 711 2407 Chrrjli
732 2322 776 2384 ad
786 2324 900 2404 infimos
920 2325 1061 2387 inlicitur
1081 2343 1169 2387 men-
1211 2338 1284 2387 arae
1297 2343 1334 2385 ac
1351 2324 1530 2387 inuariarae
1541 2320 1939 2409 coraflffisaisfirmissime,

534 2412 652 2473 mirum
667 2413 699 2473 in
718 2405 852 2475 modum
868 2411 928 2473 viri
944 2406 1032 2475 dosii
1045 2412 1128 2475 inter
1142 2406 1171 2472 se
1213 2409 1433 2494 maximisque,
1452 2430 1533 2491 quae
1546 2408 1620 2473 inde
1635 2426 1745 2473 enatae
1760 2408 1849 2486 sunt,
1872 2426 1940 2475 rur·

534 2492 664 2569 liuntur,
684 2514 950 2580 numgeneratam
975 2494 1073 2561 status
1099 2497 1168 2559 ani·
1212 2497 1270 2573 bis,
1286 2513 1382 2580 patet.
1448 2496 1539 2579 Quae
1561 2494 1637 2559 scitu
1659 2492 1718 2559 hae
1739 2492 1778 2561 de
1794 2517 1827 2562 re
1843 2492 1938 2583 digna

535 2580 608 2667 post
636 2601 800 2658 mortem,
829 2604 872 2647 an
894 2604 981 2647 mors
1006 2582 1093 2668 ipsa,
1126 2602 1169 2645 an
1211 2582 1294 2659 sunt,
1307 2578 1421 2648 itidem
1434 2585 1470 2647 in
1485 2578 1745 2667 praechentibus
1765 2585 1939 2669 attigimus.

534 2690 594 2744 es,
640 2690 697 2732 tros
715 2686 787 2732 ante
799 2686 939 2733 mortem
957 2672 1006 2733 vel
1027 2673 1061 2735 in
1080 2689 1168 2732 mor-
1211 2664 1271 2734 sed
1285 2669 1331 2747 δε,
1346 2684 1484 2755 quantos
1504 2684 1611 2733 motus
1624 2690 1688 2736 vox
1694 2667 1831 2756 filioque,
1855 2667 1940 2755 sym·

534 2756 543 2821 l
573 2690 646 2843 post
682 2770 820 2819 mortem
849 2754 992 2822 seruator
1026 2759 1168 2839 optimus
1211 2754 1288 2819 bolo
1304 2752 1668 2839 Constantinopolitano
1684 2760 1717 2821 in
1740 2754 1863 2823 ecclesa
1881 2778 1940 2821 oc·

539 2865 609 2923 ,an
632 2843 721 2906 locus
742 2840 984 2920 damnatorum,
1018 2864 1059 2905 an
1079 2836 1168 2904 aliud
1212 2838 1360 2905 cidentali
1380 2840 1497 2919 addita,
1514 2839 1645 2915 dedan,
1666 2848 1831 2908 nerninem
1847 2843 1936 2927 sugit,

543 2926 641 2995 hacce
656 2932 846 3014 loquutione
865 2927 1043 2995 indicetur?
1065 2930 1110 2991 vri
1131 2946 1168 2991 ex
1212 2929 1246 2993 de
1260 2947 1298 2992 ex
1312 2924 1544 3012 didisquoque
1558 2927 1690 2993 conllar.
1738 2932 1785 2991 De
1809 2929 1936 3011 reliquis

534 3032 596 3093 rtet,
614 3036 694 3100 quae
709 3017 769 3082 hac
783 3013 822 3080 de
843 3037 876 3082 re
900 3014 962 3080 diri
984 3018 1017 3079 in
1038 3014 1166 3099 institut.
1209 3013 1323 3099 regulis
1342 3010 1594 3093 hermeneuticis,
1610 3035 1646 3078 vr
1661 3012 1781 3098 aliquid
1807 3012 1937 3079 adiicia-

534 3122 565 3189 qr.
573 3104 705 3187 dogmat.
718 3101 770 3166 lib.
780 3104 835 3165 IV.
852 3124 876 3167 r.
884 3105 925 3165 11.
932 3102 976 3167 ad
988 3111 1016 3185 §.
1024 3106 1121 3167 XXV.
1131 3120 1165 3185 p.
1209 3120 1292 3177 mus,
1310 3100 1430 3165 necesse
1453 3120 1521 3164 non
1539 3098 1600 3175 ella
1629 3122 1704 3165 cum
1724 3122 1824 3166 nemo
1844 3100 1936 3166 dubi-

582 3190 694 3273 quue
711 3190 841 3253 maioris
860 3190 1019 3255 momenti
1037 3186 1111 3253 illae
1127 3187 1165 3253 <le
1210 3206 1266 3263 tet,
1283 3189 1362 3270 quin
1375 3189 1409 3251 in
1424 3188 1509 3253 libris
1530 3207 1658 3272 quoqne
1679 3186 1859 3275 symbolicis
1887 3190 1936 3253 in-

544 3276 700 3341 librormn
716 3274 1052 3361 symbolicorumliurt
1071 3274 1165 3341 duee-
1209 3270 1717 3358 terpretandislocnminneniant.
1762 3276 1937 3359 Vri-,nsque

534 3382 610 3441 ures,
626 3383 692 3447 quo
706 3364 852 3447 grauiora
874 3360 1015 3441 subinde,
1038 3366 1091 3447 qni
1115 3361 1165 3427 bic
1210 3379 1315 3425 tamen
1341 3362 1487 3444 paginam
1516 3364 1711 3446 antiquitatis
1736 3362 1769 3427 u
1791 3360 1935 3427 historia

534 3465 561 3529 t,
580 3468 634 3514 aut
654 3470 756 3513 errare
770 3445 956 3525 creduntur,
977 3446 1051 3512 inde
1065 3452 1166 3531 perci-
1210 3467 1281 3512 rum
1294 3445 1348 3511 lric
1364 3444 1435 3512 lacit
1451 3448 1577 3510 notitia.
1629 3450 1709 3511 Non
1732 3446 1827 3511 aliam
1850 3450 1937 3513 enim

543 3533 764 3600 incommoda.
811 3533 930 3598 Verum
945 3537 1051 3617 itaque
1069 3537 1101 3599 &
1116 3552 1166 3619 ge·
1210 3532 1274 3597 sere
1289 3534 1333 3603 ob
1348 3532 1485 3597 caussam
1502 3532 1641 3619 symbola
1655 3530 1765 3612 condi,
1782 3550 1836 3597 aut
1857 3554 1936 3597 eon·

534 3642 576 3686 tm
590 3640 625 3686 vt
641 3620 859 3704 adsequamur,
873 3622 934 3699 vel,
949 3642 1023 3685 eum
1035 3640 1096 3684 nos
1111 3616 1164 3684 ad·
1209 3612 1352 3683 sessiones
1372 3616 1421 3683 edi
1436 3619 1547 3699 solent,
1565 3638 1664 3704 qnam
1680 3633 1715 3683 vt
1728 3636 1782 3682 aut
1797 3620 1936 3683 aliorum

537 3727 604 3786 tos,
620 3710 688 3771 aliis
703 3704 916 3773 demonstrare
924 3728 1086 3792 queamus,
1096 3706 1164 3773 sen·
1208 3726 1326 3769 errores
1340 3706 1531 3785 reiiciamus,
1546 3724 1640 3789 atque
1657 3702 1856 3783 damnemus,
1880 3722 1936 3768 aur

546 3793 586 3861 de
603 3797 745 3881 genuina
776 3793 909 3857 illorum
931 3814 991 3859 nos
1010 3794 1164 3858 sollicitos
1209 3788 1934 3876 rrollramsententiamexplitemns‚calumni-

534 3900 649 3967 ’portet
670 3883 951 3964 interpretationes
983 3880 1164 3965 regulasque
1208 3882 1296 3962 isque
1313 3879 1356 3941 ita
1372 3901 1408 3944 ac
1431 3878 1719 3944 obtredlationibus
1741 3875 1935 3943 aduersario-

534 3966 782 4035 hermeneutieas
801 3968 836 4031 in
858 3965 1026 4032 subsidium
1045 3986 1162 4033 vocare
1206 3984 1277 4027 rum
1291 3964 1550 4045 obuiameamus,
1565 3962 1770 4039 ostendendo,
1786 3958 1934 4027 nihilnos

534 4052 724 4140 :adplicaro
778 4055 920 4119 Primum
940 4056 1065 4139 itaque,
1094 4074 1161 4139 quo
1205 4047 1332 4131 docere,
1346 4048 1434 4137 quod
1442 4072 1511 4116 non
1526 4072 1598 4115 tum
1612 4051 1711 4114 verbo
1721 4048 1845 4128 diuino,
1855 4046 1932 4145 ipsa-

534 4164 567 4209 re
580 4142 670 4219 liber,
694 4138 757 4207 srue
779 4139 944 4226 quodlibet
965 4140 1161 4229 symbolum,
1205 4157 1267 4221 que
1282 4133 1364 4202 adeo
1376 4139 1510 4204 veritate
1525 4136 1712 4203 consentiat.
1758 4136 1844 4207 Prius
1858 4138 1879 4201 ll
1896 4134 1933 4198 il·

534 4228 698 4295 'oaudore
718 4227 931 4314 conscriptum
952 4224 1000 4308 lit,
1024 4225 1161 4293 idioma·
1206 4227 1243 4289 lis
1259 4222 1468 4291 constitutum
1482 4220 1529 4305 srt,
1549 4217 1867 4375 vtiplerumquefieri
1882 4220 1932 4285 so·

534 4313 633 4383 nstare
648 4314 751 4381 debet.
796 4315 842 4378 Ex
856 4315 962 4399 lingua
984 4316 1071 4380 enim
1095 4316 1159 4378 ori·
1202 4312 1265 4387 let,
1298 4332 1397 4376 nemo
1417 4309 1598 4397 symbolum
1622 4314 1730 4395 aliquo
1774 4309 1857 4376 redte
1881 4312 1931 4373 in-

534 4424 627 4480 ‚non
643 4424 679 4469 ex
693 4398 899 4479 verfionibus,
914 4399 1037 4467 devera
1054 4422 1091 4465 ae
1125 4421 1157 4465 e·
1202 4398 1332 4482 telliget,
1349 4394 1405 4464 nisa
1421 4419 1529 4464 veram
1544 4421 1581 4464 ae
1596 4400 1767 4485 genuinam
1784 4399 1926 4477 illorum,

553 4493 703 4575 cuiusque
732 4504 840 4554 mente
867 4485 1068 4554 statuendum
1087 4420 1156 4564 eise,
1201 4489 1256 4569 qni
1269 4482 1463 4549 damnantur
1475 4504 1530 4549 aut
1545 4484 1729 4560 refutantur,
1744 4504 1780 4549 ex
1799 4480 1927 4549 histori-

534 4598 643 4641 omnes
660 4576 824 4653 conuenit,
842 4594 951 4658 resque
970 4574 1034 4658 ipsa
1050 4570 1156 4639 dotet.
1200 4593 1291 4636 arum
1303 4574 1525 4637 monumentis
1540 4574 1701 4657 cognitam
1715 4568 1927 4656 perspedlam·

534 4660 615 4727 uhic
627 4661 758 4737 dabunt,
776 4682 858 4747 quae
872 4658 912 4726 de
930 4662 1039 4746 lingua
1058 4664 1154 4747 origi·
1199 4680 1262 4747 que
1270 4656 1625 4731 habueritsententiam·
1637 4657 1758 4731 frustra
1766 4660 1837 4745 quis
1844 4655 1929 4741 sym-

534 4750 672 4820 brorum
690 4748 817 4823 nostrae
839 4745 984 4822 eeclesiae
1003 4747 1153 4837 symboli·
1815 4744 1929 4809 bolum
