5259 5967
857 568 873 583 s
2145 371 2150 565 Ι

1101 592 1111 611 ἱ

569 960 612 1027 52
724 1002 729 1013 .
907 942 1040 1013 LlRRI
1070 942 1271 1013 PRIORIS
1294 944 1460 1013 CAPVT
1483 942 1749 1013 TlssRTlVlll.

573 1116 656 1177 non,
672 1092 731 1161 nist
746 1115 821 1161 cum
834 1090 1037 1185 conditione,
1056 1092 1205 1181 petendu.
1249 1098 1305 1163 l’e-
1349 1104 1444 1179 titia,
1460 1102 1575 1185 quibus
1592 1092 2017 1183 pernamtaecondirionem
2027 1094 2084 1159 ob'-

572 1200 640 1250 tere
662 1184 769 1267 it'uque
790 1182 897 1247 licebit
910 1186 1043 1267 quaeuis
1059 1186 1147 1250 bona
1161 1184 1306 1271 spiritua·
1349 1190 1438 1255 noxii
1453 1189 1582 1267 sumus,
1600 1182 1842 1271 implotandum
1855 1181 1899 1249 est
1914 1184 2084 1257 auxilium,

571 1270 627 1349 lia,
642 1272 785 1356 primum
797 1286 896 1354 prout
910 1270 949 1334 iis
970 1270 1066 1335 nobis
1082 1266 1177 1357 ipsis,
1203 1268 1245 1337 ad
1258 1268 1304 1335 sa·
1348 1279 1490 1361 itemque
1507 1292 1618 1339 contra
1634 1274 1827 1337 tentationes
1841 1272 1978 1354 quassis,
1988 1272 2084 1353 aqui·

573 1358 850 1423 lutemaeternnm
865 1354 1136 1442 consequendnn,
1157 1380 1240 1444 opus
1248 1354 1304 1438 est,
1350 1366 1408 1429 bus
1423 1362 1597 1449 specialiori
1613 1356 1751 1445 quadum
1767 1378 1889 1423 retient
1908 1360 2084 1441 periculum

571 1444 713 1523 tumst,
737 1460 838 1529 prout
855 1440 986 1523 iisdem,
1012 1462 1049 1510 vt
1069 1441 1208 1511 aliorum
1222 1466 1303 1533 quo·
1350 1452 1443 1515 nobis
1477 1451 1654 1521 imminet,
1693 1450 1792 1511 neiis
1829 1446 2083 1509 lin-endromis.

595 1552 635 1599 ue
654 1550 851 1618 promouere
868 1528 1043 1597 commoda
1067 1554 1239 1618 quenmus,
1254 1536 1305 1597 in·
1349 1538 1438 1603 Haec
1459 1538 1503 1601 ita
1524 1532 1655 1621 quidem
1670 1550 1843 1621 genernmn
1859 1532 1919 1597 dici
1933 1532 2083 1616 potsunt,

570 1550 742 1705 digemus,
766 1614 921 1703 siquidem
936 1618 1006 1684 Deo
1030 1618 1139 1685 nostra
1153 1618 1306 1686 haciore
1348 1620 1553 1692 sedsrmodo
1570 1618 1740 1707 diligenter
1759 1618 1799 1685 ud
1820 1620 1851 1684 se
1874 1616 2084 1704 quisqueipse

571 1710 619 1773 vti
635 1727 734 1792 opera
743 1706 875 1791 placeat.
920 1705 1081 1771 Praeterea
1097 1707 1259 1792 speciatim
1267 1706 1304 1771 li·
1349 1710 1503 1795 respiciat,
1519 1730 1556 1775 ert
1571 1707 1600 1773 se
1614 1704 2082 1791 omniumoptimccondiscet,

571 1811 622 1861 cet
634 1794 883 1859 illuminationis
907 1794 1042 1879 pariter,
1074 1814 1111 1859 ac
1132 1790 1305 1861 sanctifica·
1349 1799 1463 1885 quibus
1489 1797 1614 1862 laboret
1643 1798 1783 1873 morbis,
1804 1794 1919 1879 quibus
1943 1790 2085 1945 indiqeat

572 1883 690 1959 tionis,
704 1881 951 1961 incrementum,
965 1898 1144 1965 ceteraque,
1159 1902 1250 1967 quae,
1265 1875 1306 1944 ad
1349 1887 1462 1965 bonis,
1484 1885 1535 1963 δι,
1557 1904 1638 1969 quae
1654 1880 1735 1948 adeo
1750 1904 1768 1947 a
1781 1882 1863 1957 Deo,
1880 1902 1938 1945 ceu
1952 1902 2004 1945 mc
2031 1883 2080 1945 'co

570 1964 672 2035 finem
694 1968 788 2031 nobis
810 1964 1015 2053 propositum
1034 1964 1304 2053 consequendum,
1349 1974 1500 2037 omnium
1519 1962 1807 2057 prncstmnsshno,
1831 1986 1982 2053 patreque
1995 1970 2087 2031 beni.

575 2054 651 2119 sunt
673 2052 857 2133 necessaria,
868 2072 991 2207 petere.
1041 2054 1153 2119 Animi
1168 2052 1244 2119 hinc
1260 2070 1304 2120 et·
1369 2052 1615 2143 niss‘nno,qui&
1627 2054 2086 2142 meliuscognoscitaneno.

572 2142 639 2209 iam
653 2162 671 2205 a
683 2142 757 2205 Deo
770 2160 867 2227 pcten
890 2138 961 2207 aest
974 2162 994 2206 a
1006 2144 1114 2227 prauis
1128 2140 1303 2207 adfectibus
1348 2082 1395 2213 dis
1407 2144 1574 2210 necessaria
1589 2142 1671 2223 sunt,
1685 2165 1784 2230 quum
1797 2161 1926 2208 nosmet
1946 2137 2089 2227 ips1‚fint

570 2226 862 2328 cupiditatibusque
877 2230 1039 2315 purgatiot
1056 2230 1242 2313 cumprimis
1249 2250 1302 2293 ve·
1348 2228 1532 2321 expetenda.

568 2334 609 2383 ro
622 2310 725 2381 diuini
741 2315 887 2402 spineus,
904 2334 1019 2381 contra
1033 2312 1305 2403 propenfiones&

587 2433 599 2447 “
681 2430 791 2529 §Vl
816 2428 882 2509 nd
900 2428 1057 2507 modmn
1071 2428 1235 2533 denique
1249 2429 1526 2533 rationemque,
1554 2456 1625 2535 qur
1640 2455 1769 2535 preces
1790 2430 1835 2505 ad
1859 2430 1980 2505 Deum
1995 2426 2085 2504 fun-

571 2520 716 2607 dendte
729 2528 833 2623 sunt,
845 2528 951 2631 quod
965 2528 1115 2615 attittct3
1131 2527 1181 2605 itt
1194 2528 1258 2605 has
1271 2530 1473 2623 faciendus,
1490 2556 1603 2605 nemo
1613 2555 1694 2605 non
1712 2530 1830 2619 ridet,
1857 2553 1897 2602 rt
1913 2551 2085 2603 nontnn-

570 2650 654 2707 tum
666 2630 787 2735 probe
799 2627 1062 2729 intelligam,
1077 2625 1182 2730 quod
1193 2627 1373 2731 petimus,
1387 2628 1449 2705 sed
1465 2628 1557 2703 serio
1575 2654 1652 2729 quo
1683 2654 1728 2703 ue
1742 2628 1902 2701 velimus.
1954 2628 2089 2700 Bono-

571 2751 658 2807 mm
673 2728 776 2805 enim
790 2724 1047 2830 spiritualium,
1060 2725 1284 2829 quaepraeci
1313 2752 1360 2803 ue
1375 2752 1393 2803 a
1408 2728 1493 2803 Deo
1501 2654 1708 2830 cxpctctsds
1723 2724 1829 2818 sunt,
1856 2752 1896 2801 cs
1916 2724 1968 2799 est
1988 2749 2087 2799 con-

571 2826 688 2921 ditio,
701 2848 760 2921 vt,
786 2848 872 2903 cum
892 2823 994 2902 carni
1010 2848 1141 2997 patum
1161 2845 1260 2925 grata
1279 2752 1565 2921 sint,jmortalcs
1585 2824 1705 2901 verbis
1726 2851 1767 2901 es
1790 2823 1927 2929 saepius
1942 2844 2088 2925 petant,

572 2950 668 3027 qute
680 2942 805 3005 t'amen
824 2946 954 3001 reuera
966 2940 1019 2999 no
1034 2944 1111 2999 unt.
1137 2926 1153 2963 ⁴
1178 2922 1285 2999 Tum
1295 2948 1387 3002 vero
1403 2922 1442 3001 δι
1466 2924 1557 3001 illud
1574 2924 1697 2999 iacobi
1723 2922 2007 3001 obseruandum:
2020 2940 2087 3018 pe-

572 3022 907 3123 strameminfide,
926 3012 1023 3123 pardis
1035 3014 1299 3131 θωρινὸμειῷι,
1322 3026 1435 3123 capl,
1453 3033 1482 3098 ό.
1536 3024 1589 3099 Ex
1609 3022 1682 3099 fide
1703 3046 1863 3123 namque
1885 3046 1978 3123 quae
2001 3044 2086 3095 non

570 3120 858 3299 ppoficiscuntur
904 3144 1032 3212 reces,
1057 3120 1142 3197 Deo
1166 3144 1248 3197 non
1266 3124 1493 3223 probantur,
1518 3148 1588 3198 nec
1609 3122 1863 3196 exaudiuntur.
1888 3128 1926 3159 ⁸·
1954 3124 2086 3219 Atque

620 3222 665 3297 e'c
677 3219 862 3323 quidemr
900 3243 1034 3295 omnes
1046 3220 1206 3295 omnino
1219 3218 1392 3297 homines
1406 3222 1452 3297 ita
1468 3218 1639 3324 speclant,
1653 3242 1693 3295 vt
1709 3220 1909 3323 specialiori
1925 3218 2086 3321 quadum
2137 3266 2139 3271 -

572 3317 717 3399 ratione
730 3318 940 3420 dicologite
954 3317 1157 3395 cultoribus
1171 3316 1242 3393 smt
1260 3318 1486 3396 inculcando

654 3466 671 3503 *
689 3460 753 3529 Eos
765 3480 837 3525 non
849 3460 906 3535 ita,
920 3470 956 3521 vt
967 3449 1060 3520 decet
1086 3458 1251 3543 orarequi
1262 3476 1304 3523 ne
1347 3457 1438 3539 suae,
1461 3455 1638 3525 obediant?
1661 3458 1754 3543 Quae
1775 3478 1850 3523 cum
1871 3461 1916 3527 itn
1939 3456 1968 3521 sc
1985 3454 2083 3521 habe-

571 3548 704 3639 quidem
715 3547 826 3625 sciunt,
840 3540 918 3629 quid
928 3558 1033 3621 orent,
1048 3501 1113 3607 sue
1124 3543 1221 3607 verba
1231 3564 1302 3608 non
1347 3564 1430 3626 ant,
1453 3546 1535 3612 reete
1551 3542 1681 3631 quidem
1701 3563 1853 3625 monent,
1865 3548 1939 3631 qui,
1956 3548 1990 3609 in
2009 3565 2083 3607 oru-

572 3638 766 3721 intelligant,
779 3650 863 3717 quae
872 3628 1061 3785 prosertmt,
1074 3624 1138 3694 siue
1155 3632 1303 3695 animum
1346 3635 1436 3698 tione
1458 3654 1526 3697 non
1544 3633 1715 3698 verborum
1739 3650 1881 3709 tantum,
1905 3629 1955 3697 sed
1978 3633 2011 3698 ὅ(
2024 3652 2082 3695 co-

572 3746 645 3793 non
666 3718 852 3797 aduertam,
895 3736 1015 3801 umque
1034 3736 1093 3781 ore
1111 3714 1300 3801 loquuntur,
1345 3722 1559 3807 gitationum,
1581 3718 1762 3785 habendam
1786 3724 1962 3797 rationem,
1978 3718 2085 3783 incul-

572 3807 662 3881 aliud
678 3808 848 3895 cogitant3
873 3824 988 3871 omnes
1008 3800 1099 3868 facile
1119 3801 1302 3871 concedunt
1346 3826 1437 3881 cant3
1460 3804 1512 3871 sed
1527 3804 1792 3885 addendumetat,
1813 3810 2083 3891 cumprimiscot-

571 3920 613 3978 ις
625 3898 812 3983 largiuntur.
879 3886 941 3957 Sed
959 3886 993 3956 id
1012 3890 1178 3973 pauciores
1197 3891 1302 3957 obser·
1346 3890 1405 3973 dis,
1419 3893 1470 3958 seu
1485 3895 1672 3959 voluntatis.
1734 3893 1833 3975 Quod
1849 3900 1936 3961 enim
1949 3890 2085 3959 subinde

542 3978 547 3986 ’
571 4002 668 4066 uant,
692 3974 864 4067 stepissime
882 3976 1032 4043 homines
1050 3994 1073 4074 t·
1092 3976 1164 4041 Deo
1183 3996 1302 4063 petere,
1346 3978 1494 4057 homines
1508 3999 1764 4066 conqueruntur,
1781 3986 1990 4077 cogitationes
2012 3981 2084 4047 suas

571 4094 653 4161 quae
666 4089 774 4135 tamen
789 4086 899 4133 reuera
918 4078 1146 4159 noncuprunt.
1189 4066 1303 4151 Ecquis
1346 4066 1394 4147 se,
1418 4088 1493 4132 cum
1515 4086 1701 4153 precantur,
1723 4071 1758 4133 in
1778 4069 1886 4136 oshcio
1915 4073 2084 4136 continere

572 4164 662 4227 enim
674 4156 729 4235 est,
742 4156 797 4240 qui
812 4154 996 4217 orationem
1010 4144 1209 4213 dommicam
1223 4154 1302 4217 reci·
1345 4174 1414 4220 non
1426 4156 1530 4239 polse3
1552 4152 1627 4221 inde
1645 4159 1811 4239 provenit,
1832 4156 1921 4243 quod
1935 4156 2016 4223 serio
2031 4177 2081 4237 ea,

571 4266 660 4326 tans,
674 4264 743 4309 non
756 4258 843 4306 oret:
857 4236 1067 4322 fimliificetur
1084 4254 1305 4319 nomentum,
1350 4262 1431 4327 quae
1454 4258 1597 4325 petunta
1613 4242 1709 4323 Deo,
1732 4263 1801 4307 non
1839 4244 2081 4331 concupiscunt.

570 4334 720 4399 mmm
731 4344 974 4414 regnumtuum,
981 4320 1212 4421 fiat-veluntas
1227 4342 1304 4403 ηας
1348 4330 1425 4394 sieri
1442 4326 1588 4414 equidem
1602 4328 1703 4394 rursus
1714 4327 1831 4417 potest,
1847 4333 2082 4418 stuliquistan-

570 4418 625 4486 sed
637 4418 890 4505 quotusquisque
906 4410 961 4491 est,
975 4413 1032 4493 qui
1045 4412 1125 4473 letto
1144 4414 1254 4495 cupit,
1269 4431 1304 4477 st
1347 4413 1438 4491 dem,
1458 4413 1547 4500 quod
1567 4420 1670 4501 petit,
1705 4419 1853 4486 obtinere
1876 4424 2005 4505 cupiatt
2028 4418 2083 4493 sed

572 4526 697 4573 nomen
708 4503 767 4567 Dei
782 4496 1005 4575 smctilicetut,
1019 4510 1096 4561 cum
1113 4493 1239 4581 ipsimet
1252 4504 1300 4565 vi-
1344 4502 1450 4569 nihilo
1471 4502 1570 4569 secius
1588 4502 1757 4591 languidus
1777 4506 1964 4595 tepidusque
1986 4506 2023 4575 sit
2042 4510 2082 4573 in

572 4592 768 4677 nfaaisque
780 4582 815 4651 id
828 4584 1208 4683 sucerenolinttoautfflui
1218 4584 1302 4653 serio
1346 4592 1505 4669 oratione,
1519 4588 1746 4671 &munaum
1759 4612 1858 4678 quam
1870 4614 2004 4677 vocant,
2024 4590 2082 4661 de-

572 4682 750 4767 eupit,vtr
812 4692 868 4739 um
880 4672 941 4739 Dei
953 4666 1214 4753 saumonem
1228 4674 1302 4739 nul·
1346 4672 1430 4743 festu
1443 4676 1580 4743 laboret.
1624 4676 1668 4743 At
1681 4674 1767 4747 idex
1781 4700 1821 4747 eo
1836 4684 1963 4767 otintr,
2009 4678 2082 4750 uod

573 4768 606 4837 la
622 4768 746 4833 radone
760 4764 765 4773 '
780 4760 923 4825 blocum
931 4758 1302 4845 relinquetevelinqaut,
1345 4760 1502 4829 miseriam
1516 4762 1616 4845 suam,
1634 4764 1668 4833 dt
1684 4764 1761 4833 hinc
1776 4786 1936 4839 enatamn
2015 4788 2084 4839 tta.

570 4860 628 4945 qui
641 4854 723 4923 serio
737 4850 837 4933 cupit,
849 4864 886 4911 vt
901 4840 956 4911 liat
966 4848 1118 4913 voluntas
1131 4846 1212 4929 Dei,
1225 4868 1300 4913 cum
1345 4866 1423 4929 tem,
1440 4850 1534 4915 bonis
1547 4848 1613 4917 islis
1625 4852 1788 4939 potiundi,
1803 4876 1871 4923 non
1879 4858 2003 4929 sentiat.
2012 4862 2083 4931 Ni·

570 4938 716 5035 quo'tidie
735 4955 806 5007 non
823 4932 985 5003 volumi
1000 4932 1088 5015 Dei,
1110 4930 1166 5007 ssd
1190 4934 1296 5003 urob
1339 4930 1386 5001 hil
1398 4954 1539 5023 natuque
1553 4934 1709 5009 efficacius
1728 4940 1769 5009 ad
1793 4962 1900 5027 preces
1919 4957 2082 5023 noemi.

1162 5070 1178 5081 ··
2013 5052 2084 5113 tm
