5259 5967
553 714 617 798 3⁶2
862 706 992 778 imru
1029 700 1370 779 eosrrnroitrs
1393 704 1563 777 emur
1589 688 1800 776 inluvie

563 823 593 831 ..-
607 806 2087 847 ι-ο--ΰ-ψ--ι-Μ

553 848 755 937 haudeffieere
768 850 863 935 poffi‘,
891 851 950 936 nist
964 872 1032 916 cum
1047 853 1174 936 [peditis
1191 868 1289 915 meta·
1335 862 1364 926 8.
1391 846 1531 935 prodiit,
1558 848 1676 915 multis
1701 846 1793 915 valde
1823 850 1959 935 probata
1987 850 2078 931 fiiis,

550 937 679 1025 phystcis
689 936 741 1002 hic
752 937 867 1005 laetam
879 941 1046 1024 quamdam
1061 938 1288 1003 immitendi·
1331 940 1413 1003 Nori
1428 938 1535 1001 minus
1551 952 1676 1016 tamen,
1700 957 1758 1004 nec
1768 934 1833 1003 line
1848 938 2010 1025 ratione‚pl
2020 962 2069 1009 u.

554 1040 665 1111 negato
675 1025 781 1108 itaque
796 1028 963 1109 tantisper,
970 1029 1105 1110 ficosque
1107 1021 1289 1111 sthirtsha-
1334 1025 1422 1090 rimis
1445 1024 1564 1108 placuit
1583 1044 1633 1088 io.
1656 1043 1804 1091 nurse.
1834 1044 2059 1093 inertius.

553 1112 624 1177 bere
636 1111 705 1197 iaffo
712 1110 921 1196 ſsmplicitatis
935 1112 1120 1199 theologicae
1123 1112 1290 1201 studio,in
1334 1130 1517 1178 iiivsiiur
1558 1109 1774 1197 Grundlegang
1810 1110 1865 1173 dee
1903 1109 2050 1197 theologie,

554 1218 697 1282 campum
708 1200 914 1282 gethorum,
935 1198 993 1265 hoc
1014 1202 1070 1287 est,
1095 1202 1128 1265 in
1150 1217 1291 1283 campum
1334 1193 1564 1282 compendium
1577 1193 1687 1262 itidem
1709 1194 1931 1283 theologicum
1951 1196 2046 1349 huggrei

555 1284 788 1369 metaphyficttm
804 1288 952 1370 tantisper
962 1286 1140 1373 settffimtte,
1163 1288 1202 1357 ὅ
1216 1306 1286 1348 con·
1331 1284 1510 1371 germanica
1526 1280 1693 1363 exhibens,
1706 1284 1810 1349 Halae
1836 1302 1938 1365 1703,
1955 1294 1979 1359 8.
2020 1288 2041 1351 i·

553 1373 773 1453 descendimus,
789 1375 827 1442 &
840 1372 1204 1459 terminosfiholoflicos,
1218 1371 1287 1456 qtti-
1331 1372 1452 1436 bellum
1473 1368 1547 1435 sane
1567 1364 1767 1435 utilissimum
1786 1368 1866 1449 else,
1886 1367 2036 1456 deprehen·

554 1458 613 1524 hus
640 1459 717 1541 fiilis
747 1478 894 1543 magnam
918 1460 1046 1545 aliquod
1068 1462 1202 1546 iurgium
1227 1457 1287 1522 ali·
1331 1454 1425 1533 dent,
1439 1456 1495 1540 qui
1515 1477 1589 1521 eum
1612 1456 1757 1543 legerint.
1802 1456 1879 1523 Pers
1895 1458 2034 1537 icue,elt·

554 1546 678 1629 quando
692 1547 859 1625 innititur,
875 1546 1044 1611 euoluimtts
1051 1548 1115 1617 &a
1158 1543 1287 1611 Consti·
1332 1561 1460 1631 gamer,
1476 1543 1510 1608 ὃ(
1529 1539 1645 1622 solide,
1674 1540 1826 1631 dogmata
1843 1480 1917 1611 fidet
1938 1564 2033 1630 propo·

555 1648 664 1696 tutum
678 1650 838 1716 praeterea
852 1632 900 1697 illi
914 1630 1024 1714 fuisse,
1048 1636 1082 1699 in
1103 1633 1189 1700 hisce
1202 1628 1287 1717 insti.
1332 1633 1399 1709 nit,
1419 1629 1556 1712 explicat
1563 1674 1575 1709 ,
1590 1631 1724 1715 probat,
1746 1630 1780 1697 ἃ
1793 1632 1909 1699 cundia
1922 1628 1959 1697 ad
1971 1634 2033 1696 vitat

555 1719 728 1782 tutionihits
743 1738 853 1801 pacem
867 1715 1114 1801 ecclesiasticam,
1130 1719 1285 1786 seuvnio-
1329 1718 1442 1805 praiiin
1457 1713 1574 1801 dirigit.
1618 1717 1705 1782 Beati
1723 1718 1853 1813 insuper
1876 1732 2030 1786 iventii

556 1800 861 1870 neminternostrae
877 1826 913 1870 ac
929 1806 1118 1874 reformatae
1140 1800 1286 1872 ecclesiae
1330 1799 1429 1869 nostri
1450 1799 1638 1867 testimoniis
1664 1802 1894 1885 leledillrmis,
1927 1798 2033 1883 subinde

555 1888 725 1969 dodores,
771 1910 960 1968 remouere,
988 1892 1101 1960 itidem
1125 1914 1193 1957 non
1215 1909 1285 1955 tarr·
1329 1890 1394 1957 ase
1408 1885 1499 1955 dietis
1514 1891 1620 1955 lucem
1636 1887 1800 1971 adfundit,
1819 1894 1854 1960 dc
1870 1891 1958 1960 simul
1972 1908 2033 1979 pon·

555 1994 627 2045 tum
643 1999 691 2041 res
704 1912 769 2063 ipd
783 1975 895 2057 docet,
918 1977 971 2046 sed
984 1981 1117 2066 ipsemet
1133 1978 1286 2045 etiamvit
1330 1973 1387 2042 dus
1403 1972 1501 2041 addit.
1546 1996 1615 2043 eiii
1626 1998 1655 2042 i.
1675 1997 1753 2044 iac.
1777 1995 2034 2059 taenearum

556 2060 754 2132 dodiffimus
769 2060 947 2151 profitetur.
969 2065 1071 2150 Quod
1085 2087 1163 2131 cum
1176 2064 1286 2131 inaliis
1329 2062 1528 2129 sermonibus
1549 2062 1665 2141 sacris,
1718 2067 1751 2129 ui
1779 2060 2037 2133 Gaulane-odit

556 2172 687 2238 quoque
710 2152 830 2236 scriptis
848 2155 969 2239 egerit,
1000 2154 1155 2239 plurimos
1177 2169 1286 2217 tamen
1329 2148 1552 2229 inscribuntur,
1568 2149 1683 2215 cundia
1696 2086 1864 2219 dominae
1879 2150 2037 2220 christianae

556 2236 618 2305 hac
637 2242 674 2304 iii
688 2259 721 2305 re
741 2237 796 2305 sibi
817 2238 964 2305 habuerit
980 2257 1212 2327 repugnantem
1234 2255 1287 2303 ex·
1330 2238 1433 2322 capita
1447 2252 1513 2300 tam
1526 2234 1674 2302 adcurate
1689 2238 1820 2319 tradat,
1844 2258 1880 2307 ut
1896 2262 1963 2306 non
1977 2256 2038 2305 tira-

555 2322 716 2412 periundo
731 2322 926 2391 hauddubie
948 2324 1077 2403 didicit,
1100 2326 1285 2402 maioribus,
1330 2342 1420 2389 turus
1436 2320 1490 2399 sit,
1513 2324 1568 2408 qui
1582 2322 1682 2389 hocce
1697 2346 1780 2410 opus
1797 2330 1883 2393 inter
1898 2326 2042 2414 systemate
2085 2364 2088 2401 ,

555 2433 655 2498 quam
669 2414 773 2499 prima
792 2410 897 2477 fronte
911 2412 1055 2494 videtur,
1070 2410 1170 2477 hocce
1185 2430 1285 2497 nego·
1329 2406 1530 2494 theologica,
1546 2411 1653 2493 lingua
1666 2416 1846 2496 germanica
1870 2415 1996 2499 scripta,
2007 2432 2045 2477 rt·
2086 2404 2088 2415 ¹

553 2502 638 2566 tium
654 2500 756 2583 premi
770 2494 1018 2565 difficultatibus.
1062 2499 1195 2579 Sunt&,
1215 2498 1285 2581 qui·
1330 2497 1447 2560 tulerit.
1470 2496 1515 2558 Ex
1531 2492 1676 2561 instituto
1684 2518 1761 2563 vero
1773 2501 1921 2585 amplum
1929 2494 2049 2587 aliquod

553 2586 614 2651 bus
630 2588 691 2651 alia
706 2582 863 2672 quaedam
879 2587 913 2650 in
932 2585 1013 2653 hisce
1033 2584 1286 2652 institutionibus
1318 2580 1447 2667 systema
1467 2578 1785 2665 thetica-polemicum
1801 2590 1985 2671 germanica
1998 2586 2052 2653 lin·

554 2669 781 2758 displicuerunt
788 2696 801 2752 ,·
818 2690 942 2757 quaevt
956 2670 1176 2750 discutiamus,
1191 2668 1285 2734 huius
1325 2688 1391 2758 gira
1412 2666 1499 2734 dedit
1527 2690 1538 2733 1
1554 2690 1586 2734 ο.
1610 2691 1632 2734 ii
1648 2692 1666 2735 ε
1680 2692 1705 2735 it
1720 2692 1752 2737 n.
1775 2694 1794 2737 1.
1811 2695 1833 2738 o
1849 2696 1868 2739 ε
1885 2696 1907 2740 r>
1922 2696 1942 2741 ε
1960 2680 2052 2753 nult,

553 2758 620 2825 loci
630 2754 762 2824 nonest.
805 2757 955 2827 Necideo
979 2757 1073 2825 laude
1091 2758 1143 2824 sua
1163 2756 1284 2823 defiau·
1329 2750 1450 2839 Lipsiae
1468 2773 1561 2835 1712,
1583 2774 1614 2836 4.
1641 2757 1883 2827 romanensbus
1909 2763 2056 2843 maxime,

553 2842 697 2925 dandae,
707 2848 785 2931 quin
800 2847 907 2931 potius
914 2841 1189 2912 commendandae
1199 2844 1283 2922 stitit,
1330 2843 1375 2921 dt,
1386 2843 1442 2925 qui
1455 2840 1505 2908 his
1518 2863 1554 2907 ex
1567 2840 1759 2910 nostratibus
1774 2844 1884 2915 fauent
1891 2891 1904 2929 ,
1936 2848 2059 2937 syncie·

549 2948 625 2998 tuni
641 2932 685 2997 ob
705 2932 766 2997 alia
787 2934 947 3019 praeclare
968 2936 1003 2999 in
1021 2935 1057 2998 iis
1081 2929 1189 3011 didla,
1214 2948 1285 2995 tum
1329 2926 1428 3007 tiliis,
1448 2949 1469 2993 o
1518 2925 1660 3004 osuum,
1690 2932 1734 2995 ob
1763 2930 1913 3001 historica
1942 2940 2060 3015 etiam,

552 3016 643 3107 quod
658 3018 789 3085 subinde
810 3017 960 3086 historiae
985 3016 1176 3105 dogmatum
1189 3014 1282 3082 theo·
1349 3035 1408 3080 uae
1423 3036 1462 3099 pa
1489 3036 1533 3082 im
1548 3012 1719 3094 admiscet,
1739 3017 1823 3085 ledtu
1839 3019 1986 3107 dignum.
2009 3020 2062 3089 tid

546 3108 732 3193 logicorum
762 3107 867 3171 lucem
906 3108 1063 3192 egregiam
1096 3100 1282 3169 adsundant.
1325 3038 1493 3186 deriptores
1507 3099 1688 3188 theologiae
1701 3102 1903 3191 dogmaticae
1910 3151 1923 3189 ,
1941 3124 1979 3173 vt
1991 3112 2064 3175 vni-

548 3194 724 3277 Epitomen
742 3190 916 3275 quamdam
937 3193 1066 3256 illarum
1085 3190 1216 3275 ipsemet
1234 3192 1283 3253 vir
1326 3210 1401 3254 curn
1415 3184 1515 3255 hocce
1538 3186 1671 3268 addim,
1695 3193 1741 3255 illi
1756 3214 1888 3277 quoque
1903 3194 2062 3262 referendi

550 3273 736 3343 clarissimus
749 3274 854 3356 dedit,
868 3280 902 3341 in
915 3277 1096 3361 aphorismis
1115 3276 1284 3361 theologiae
1326 3276 1417 3355 sunt',
1439 3278 1494 3361 qui
1507 3291 1590 3340 certa
1605 3273 1760 3359 quaedem
1776 3276 1944 3348 dotlrinae
1958 3283 2062 3348 sacrae

551 3364 793 3449 dogmaticae&
806 3364 952 3442 moratis,
974 3364 1282 3449 Tubingae1723.8·
1327 3364 1430 3447 capita
1445 3383 1480 3427 ex
1494 3360 1637 3427 instituto
1653 3360 1707 3428 libi
1729 3365 1954 3449 perrrillnnda
1976 3370 2064 3433 suni·

640 3450 774 3534 Optime
794 3446 976 3536 theologiae
996 3452 1153 3516 cultorem
1167 3448 1277 3515 studiis
1322 3450 1440 3514 serunt.
1491 3448 1642 3531 Qiorum
1673 3468 1708 3513 vt
1735 3450 1865 3539 insignis
1892 3455 2064 3522 interdum

548 3536 610 3603 suis
661 3536 903 3615 consulturum,
957 3538 1065 3603 beatus
1117 3556 1278 3602 cirnisr.
1323 3531 2063 3625 vsusesl,cummaioridiligentiaquisinvno‚

545 3643 829 3692 xortrrioirvs
856 3627 1066 3709 pronuntiat,
1079 3627 1136 3709 qui
1152 3619 1279 3710 synopsi
1324 3642 1423 3707 quam
1448 3624 1600 3687 omuibus
1621 3618 1696 3687 fidei
1717 3622 1918 3711 dogmatibus
1941 3628 2065 3695 versari

546 3711 644 3777 alicui
664 3712 780 3777 latinae
798 3712 935 3777 iunxerit
955 3712 1103 3795 epitomen
1122 3710 1281 3773 eredendo·
1325 3726 1439 3793 queat;
1461 3709 1505 3772 ita
1519 3729 1670 3773 numerus
1687 3732 1755 3776 non
1771 3716 1913 3798 exiguus,
1930 3733 1967 3778 vt
1979 3735 2062 3779 cos-

548 3818 712 3863 eumicic.
736 3818 915 3876 iivuuii,
945 3798 995 3863 vel
1011 3817 1153 3863 saurir
1171 3795 1278 3861 hortu·
1327 3796 1418 3871 dem,
1433 3815 1473 3859 rie
1489 3792 1623 3860 inliituti
1642 3796 1739 3862 nostri
1761 3800 1877 3866 limites
1896 3818 2061 3887 transgre-

546 3886 611 3950 tum
624 3885 779 3949 hihlicttm.
801 3886 981 3969 Vtrumque
994 3880 1109 3951 deinde
1122 3884 1277 3963 libellum,
1323 3879 1465 3959 diamur,
1479 3901 1623 3949 enarrare
1637 3904 1704 3947 non
1715 3886 1818 3951 liceat.
1841 3890 1956 3953 Otium
1966 3910 2061 3973 prae·

545 3972 591 4038 ob
608 3971 867 4059 perspicuitatem
884 3972 918 4038 dc
939 3966 1208 4055 mugianlaudat,
1229 3990 1277 4033 re·
1322 3988 1408 4035 terea
1455 3965 1508 4031 hic
1545 3970 1639 4033 nobis
1683 3970 1758 4037 fecit
1802 3993 2063 4059 curisroeii.

547 4058 659 4146 dieque
675 4081 730 4127 eos
743 4058 861 4137 secere,
878 4053 1013 4135 adserit,
1039 4059 1095 4141 qui
1107 4057 1202 4122 verba
1218 4057 1276 4121 ali·
1322 4074 1484 4120 murrii.
1521 4076 1666 4121 erirri
1678 4078 1741 4138 vs,
1770 4063 1827 4145 qui
1846 4082 1965 4147 magna
1986 4060 2061 4129 dili-

543 4143 675 4231 quando
690 4144 729 4213 ad
742 4145 901 4232 populum
915 4140 954 4209 de
968 4144 1059 4208 rebus
1072 4143 1163 4209 sacris
1177 4141 1278 4208 facere
1320 4144 1427 4229 gentio
1455 4162 1510 4207 eoi
1537 4142 1664 4229 collegit
1688 4146 1723 4208 in
1746 4147 1861 4213 inteod.
1894 4151 1928 4211 in
1953 4148 2061 4237 beiloe.

544 4236 713 4317 cupiunt,
747 4230 770 4298 si
806 4228 921 4298 exinde
957 4231 1065 4317 lingua
1102 4231 1275 4296 vernacula
1316 4228 1445 4315 theolog.
1460 4227 2059 4321 litterar.notiiampliffimitillustrata,

544 4314 566 4383 d
609 4337 695 4383 mata
708 4312 783 4384 lidei
806 4318 984 4383 luculenter
1004 4338 1186 4402 proponere
1198 4338 1276 4382 con·
1315 4316 1370 4381 sih.
1397 4320 1439 4380 11.
1463 4324 1492 4398 §.
1518 4320 1557 4379 X.
1579 4335 1613 4400 p.
1638 4327 1706 4392 ayo:
1719 4321 1803 4403 seqq.
1859 4322 2058 4412 Praecipuus

568 4404 683 4478 ’carit3
704 4407 739 4469 in
747 4406 914 4488 prodromo
930 4407 1029 4490 ingen.
1052 4403 1144 4470 theol.
1165 4404 1273 4467 cultor.
1316 4400 1473 4487 quosdam
1491 4400 1610 4468 indicat
1627 4424 1767 4470 roricii.
1791 4425 2000 4493 innotus,
2024 4414 2060 4478 in

541 4488 678 4552 academ.
690 4494 818 4571 ΗΜ.
826 4510 861 4575 p.
873 4512 900 4555 2.
922 4492 1121 4557 Etiiviruii
1143 4486 1272 4576 quidem
1315 4488 1547 4575 institaestttdii
1562 4489 1690 4577 theolog.
1707 4492 1888 4578 litterariis,
1902 4499 1981 4580 sedi.
2002 4502 2060 4569 VI.

542 4575 688 4659 epitome,
701 4595 781 4661 quae
795 4578 1271 4667 primumWittebergae1633‚
1314 4578 1532 4658 c.1.5.XmX.
1533 4578 1616 4665 fieqq.
1619 4596 1652 4666 p.
1661 4580 1809 4671 dep-seqq.
