5259 5967
912 718 1332 800 PRAEFATIO.

402 822 1837 861 mm

403 889 478 963 tur,
492 869 839 962 adiioeromeiduxi
853 861 923 946 effe
937 862 1112 945 muneris.
1163 866 1208 944 Id
1222 892 1312 944 vero
1329 867 1440 945 etiam
1454 868 1569 947 nostri
1582 860 1763 974 temporis
1777 871 1837 952 vel

402 969 566 1047 maxime
580 966 769 1070 requirere
776 968 872 1045 ratio
880 966 1083 1062 videbatur,
1098 966 1160 1043 vbi
1166 966 1235 1042 viri
1244 965 1394 1068 quidam
1401 966 1513 1060 doni,
1528 963 1729 1068 &ingenio
1736 994 1841 1074 prae-

400 1062 1715 1240 sunto,dumntemmextremum,quodiuommenpuprmmnm,
1729 1093 1840 1169 quarn

400 1165 987 1278 parciteuehuntaudioritatem,
1001 1164 1181 1241 euitarecr
1219 1160 1313 1257 iunt,
1326 1164 1393 1240 ina
1406 1164 1789 1266 terumprolabuntur,
1803 1167 1842 1245 ἃ

404 1286 603 1366 inpatrum
613 1188 1256 1364 naeuis&erroribusexaggeraridis,
1270 1262 1838 1359 automninododirinaillosum,

434 1362 604 1439 uaevitio
612 1379 720 1454 caret,
733 1361 1020 1465 perstringenda,
1031 1359 1231 1452 necfmem,
1241 1361 1646 1466 necmodumponunt:
1669 1362 1839 1475 Ideoque

398 1388 495 1539 dria
503 1460 621 1571 capite
630 1481 775 1573 quarto,
789 1461 853 1537 vbi
861 1461 908 1536 de
918 1460 1105 1560 theologia
1118 1458 1246 1534 morali
1257 1460 1440 1564 praecepi,
1454 1461 1501 1538 de
1513 1480 1659 1565 patrum
1671 1459 1839 1539 doctrina

404 1557 539 1635 morali
553 1579 603 1634 rta
616 1557 771 1649 disserui,
785 1558 1077 1652 vtostenderem,
1090 1551 1349 1636 haudrarohic
1362 1585 1380 1635 a
1394 1554 1839 1636 reuoeosdisceffissetra·

404 1658 522 1739 mite;
547 1656 727 1733 nonnulla
740 1678 863 1733 tamen
879 1681 898 1731 a
914 1655 1001 1732 viris
1016 1655 1134 1733 dosiis
1149 1655 1190 1732 in
1202 1651 1246 1732 iis
1259 1658 1501 1758 reprehendi,
1522 1680 1633 1760 qnae,
1655 1679 1723 1735 ceu
1740 1655 1838 1733 rene
1922 1690 1925 1695 ·

404 1750 517 1847 (lidia,
534 1752 686 1830 defendi
694 1752 924 1831 autexcusari
959 1776 1081 1831 ueant
1132 1754 1364 1866 Detheoiogi
1392 1778 1427 1830 m
1441 1754 1837 1854 ffica,&iurispruden-·

398 1855 464 1929 aia
471 1852 608 1943 diuina,
616 1851 809 1951 prudentia
823 1853 911 1928 item
918 1778 1108 1966 ciristiana
1121 1846 1346 1950 &pastorale
1359 1854 1407 1930 ib‘
1437 1878 1498 1930 em
1510 1856 1620 1931 verba
1633 1852 1717 1946 feci,
1731 1874 1771 1929 vt
1784 1874 1837 1929 ta·

397 1974 502 2028 men
522 1951 617 2026 iilius
637 1945 852 2054 cumprimis
872 1950 1058 2027 historiam
1080 1949 1118 2027 ἂ
1139 1948 1210 2028 sata
1229 1952 1352 2055 paullo
1373 1950 1837 2057 copiosius'describerema

436 2051 555 2152 uippe
570 2072 663 2160 quae
677 2045 792 2124 hodie
805 2066 895 2124 nota
909 2046 1083 2125 omnibus
1096 2044 1165 2125 effe
1177 2070 1343 2161 oportet,
1359 2051 1419 2129 vbi
1434 2051 1475 2127 in
1494 2048 1668 2144 diuersas,
1683 2048 1774 2151 quid
1789 2045 1837 2126 de

397 2147 595 2225 eiusmodi
609 2144 845 2249 scriptoribus
860 2140 1093 2223 sentiendum
1107 2145 1159 2239 stt,
1172 2142 1241 2223 vrri
1251 2146 1385 2225 eruditi
1398 2148 1726 2261 disceduntpartes.

526 2245 582 2318 De
599 2240 876 2343 iurisprudentia
889 2240 1104 2340 ecclefirfiica
1116 2242 1236 2346 capite
1244 2247 1380 2346 quinto
1395 2271 1455 2322 me
1468 2245 1720 2323 trabianonem
1735 2240 1835 2320 insti·

401 2337 534 2433 tuiss'e,
556 2366 668 2417 nemo
690 2342 897 2435 mirabitur,
919 2343 984 2443 qui
998 2342 1232 2454 cogitauerit,
1248 2341 1456 2421 consultum
1472 2345 1670 2421 admodum
1685 2342 1772 2432 esse,
1797 2362 1838 2417 vt

399 2438 621 2553 theologiae
635 2439 932 2517 cultores'saltcm
943 2441 1071 2544 primis
1085 2441 1163 2518 eius
1175 2439 1367 2552 principiis
1381 2442 1599 2519 imbuantur.
1656 2439 1762 2518 Haec
1776 2465 1837 2516 aue

397 2556 488 2615 tem
502 2532 712 2617 cuiusmodi
720 2535 801 2630 snat,
815 2558 862 2614 ex
873 2535 929 2629 iis,
943 2556 1035 2639 quae
1049 2537 1180 2631 docui,
1194 2538 1398 2639 intelligere
1410 2540 1554 2619 licebit:
1578 2540 1727 2615 historia
1745 2561 1837 2614 vero

395 2636 568 2714 eiusiilis
578 2628 923 2749 quoqueinseruiet,
937 2633 1001 2735 qui
1015 2635 1166 2714 vlterius·
1170 2637 1352 2749 progredi
1366 2638 1531 2740 cupiunt.
1582 2640 1720 2712 Lucem
1733 2656 1837 2737 prae-

398 2756 511 2811 terea
518 2732 799 2836 hineaccapient
806 2735 932 2825 variae,
940 2758 1033 2835 quae
1042 2734 1154 2810 hodie
1168 2756 1268 2811 mter
1276 2736 1375 2811 viros
1390 2735 1520 2813 dodos
1535 2734 1726 2835 agitantur,
1742 2750 1838 2808 con·

396 2830 625 2925 trouersne,
641 2828 739 2908 haud
753 2826 876 2932 exigui
888 2830 940 2906 vti
969 2856 1017 2908 ue
1030 2833 1230 2924 momenti,
1246 2828 1377 2932 dignae
1393 2856 1483 2909 vero
1502 2833 1628 2924 etiam,
1651 2848 1839 2932 quatuma

398 2929 544 3007 theolo
572 2926 788 3007 ishabeatur
803 2929 904 3006 ratio.
985 2956 1011 3007 x
1025 2932 1169 3007 istarum
1189 2952 1327 3021 autem,
1349 2955 1437 3031 quas
1451 2929 1643 3030 hucusque
1656 2921 1839 3005 enarraui·

399 3048 507 3120 mus,
566 3026 908 3131 eologiaepartium,
922 3026 1131 3132 praesertim
1145 3020 1837 3129 iurisprudentiaeecclesrasticaeconst-

400 3119 626 3216 deratione,
641 3144 727 3204 orm
742 3120 885 3201 abunde
900 3144 1057 3229 pateret,
1071 3146 1181 3228 quam
1196 3125 1350 3201 eximius
1366 3127 1405 3200 in
1421 3126 1479 3203 his
1495 3124 1686 3217 omnibus,
1708 3122 1753 3199 ad
1766 3122 1839 3199 fata

402 3219 879 3326 cumprimisiilarumrecie
890 3216 1156 3335 cognoscenda,
1169 3222 1323 3325 srtipsrus
1336 3222 1493 3318 historiae
1505 3218 1839 3319 ecclrfirssicaevsuse

407 3345 510 3423 quae
523 3316 570 3397 de
584 3320 996 3413 eaobseruanda,stat1m
1010 3319 1246 3422 subiungere,
1260 3321 1351 3397 boni
1367 3321 1508 3397 ordinis
1524 3320 1720 3421 postulauit
1733 3314 1840 3400 ratio,

405 3423 646 3513 Nectamen,
661 3419 685 3496 st
699 3420 782 3520 quis
790 3419 1060 3508 existimauerit,
1074 3416 1183 3496 alium
1190 3418 1312 3494 eidem
1327 3414 1719 3593 lommadqgrratrdum
1726 3414 1841 3501 fiiiffez

1518 3448 1528 3496 l

408 3540 505 3594 cum
519 3538 566 3593 eo
580 3512 846 3620 disceptaueroa
872 3540 958 3594 cum
971 3518 1010 3592 in
1024 3512 1183 3595 cuiusuis
1193 3516 1508 3620 arbitrioposrtum
1529 3513 1842 3629 rt,quams1ngulis¹

408 3613 627 3716 theologiae
640 3615 805 3718 partibus
817 3613 981 3692 tribuere
994 3612 1115 3691 sedem
1128 3613 1223 3692 velit
1276 3611 1339 3690 Ad
1353 3636 1432 3690 rem
1452 3609 1563 3718 ipsam
1579 3611 1685 3718 quod
1698 3629 1841 3706 attinet,

407 3714 503 3790 licet
518 3710 809 3814 forte'quaedam
821 3713 941 3790 adhuc
954 3710 1037 3790 addi
1051 3710 1241 3790 hincinde
1255 3707 1473 3815 potuissene
1489 3730 1634 3790 tantum
1646 3732 1770 3790 tamen
1782 3732 1844 3785 me
1952 3747 1954 3752 .

410 3809 542 3887 dixisse
556 3811 597 3886 in
612 3806 732 3888 hocce
749 3835 827 3914 quo
855 3814 1056 3914 decapite,
1076 3808 1251 3902 arbitror,
1265 3832 1445 3911 quantum
1458 3810 1633 3904 instituti,
1654 3806 1841 3887 methodi·

416 3930 507 4010 que,
521 3932 632 4010 quam
647 3904 737 3984 mihi
751 3836 965 4013 praeieripn
981 3910 1074 3986 ratio
1087 3909 1275 4084 retptirere
1289 3908 1493 4020 ‚videbatut
1625 4004 1631 4021 ι
1784 4000 1792 4018 .
1846 3996 1848 3999 ,

529 4009 760 4109 Amphorem
777 4008 838 4084 fibi
857 4009 982 4083 locum
997 4006 1117 4111 capite
1153 4028 1242 4083 exto
1262 4007 1464 4084 vindicauit
1483 4000 1842 4106 theolograpolemrca.

417 4104 675 4184 certaminum
689 4102 791 4181 enim
805 4105 843 4181 δι
858 4105 1188 4184 controuersiarum
1202 4104 1493 4207 theologicarum
1507 4102 1589 4207 quis
1604 4103 1748 4195 modus,
1786 4101 1846 4180 uis

415 4201 524 4279 finis?
550 4204 706 4280 Maxima
719 4203 844 4304 itaque
857 4222 980 4281 rerum
996 4202 1189 4281 obseruatu
1202 4204 1395 4305 dignarum
1407 4224 1477 4308 per
1491 4201 1619 4281 omnia
1633 4202 1768 4279 saecula
1810 4202 1846 4279 'c

416 4300 582 4378 effloruit
596 4301 702 4403 seges.
755 4307 968 4403 Numquam
983 4322 1106 4378 tamen
1120 4299 1845 4384 etiamnonincommodaseobmlerunt‚

419 4420 511 4499 quae
523 4398 624 4476 hanc
637 4398 844 4500 theologiae
853 4418 993 4503 partem
1001 4399 1170 4477 comitari
1180 4399 1310 4491 solent,
1318 4396 1676 4494 autsrmauismaeui,
1686 4421 1848 4502 quorum
1926 4492 1933 4499 ,

418 4516 501 4571 raro
515 4496 716 4575 admodum
730 4499 914 4575 immunes
927 4496 1026 4592 sunt,
1037 4495 1102 4601 qui
1111 4484 1482 4603 adeiusmodipraelia
1497 4498 1733 4577 descendunt.
1763 4495 1848 4575 Pos-

417 4593 505 4686 sent,
521 4592 576 4672 fis
616 4612 723 4671 erent
731 4596 911 4688 mortales,
920 4597 1073 4674 aliorum
1082 4600 1247 4701 exempla
1258 4620 1324 4674 eos
1334 4599 1515 4675 cautiores
1524 4600 1686 4676 reddere.
1715 4601 1846 4672 inno-

417 4689 579 4774 stratium
600 4693 935 4804 criptis-polemicis
943 4692 1179 4775 recensendis
1191 4692 1354 4875 maximp
1362 4694 1453 4774 mihi
1467 4696 1614 4779 suborta
1627 4698 1679 4775 est
1691 4694 1846 4773 difficul-

952 4820 955 4825 ·
1383 4818 1399 4891 3
1773 4813 1844 4877 tas;
