5259 5967
518 694 579 764 ur
600 694 762 781 nunus,
783 693 937 784 onnus
958 692 1247 765 n-rroroenr
1269 691 1453 763 narnus
1476 691 1792 765 concinnum
1860 700 1903 781 ee

374 832 691 917 hammcdanotum,
705 841 847 925 itemque
860 840 1048 917 rabbiniciS,
1064 837 1118 901 tal·
1165 842 1271 905 multo
1292 862 1344 904 ma
1369 862 1391 903 :s
1412 842 1570 927 plurium,
1584 845 1637 926 qui
1659 842 1900 928 collegi-omeli-

373 922 541 1005 mudicis,
557 922 779 1005 kabbahsticis,
795 923 951 1012 disputat,
966 930 1071 991 innuo
1087 927 1122 992 δε
1165 925 1254 1012 quod
1267 860 1479 1006 conshtuunt,
1500 928 1562 1009 est,
1577 930 1752 1007 declarare,
1766 933 1899 1013 quinam

373 1008 547 1101 quosdam
574 1010 811 1078 haereticorum
830 1006 870 1077 ad
897 1010 980 1079 hunc
996 1012 1121 1076 chilim
1165 1016 1238 1079 huri
1254 1012 1309 1080 srbi
1325 1014 1601 1099 noxiivideantur,
1617 1015 1719 1082 modo
1728 1018 1822 1085 iulias
1833 1015 1900 1079 sen·

372 1095 570 1169 referendos
584 1099 689 1165 censet
700 1100 759 1165 else
774 1100 873 1166 libros
885 1121 895 1174 ς
909 1102 1037 1164 tertiam
1049 1101 1123 1182 inse
1167 1104 1284 1167 tentiae
1300 1104 1372 1167 suae
1387 1101 1537 1169 adserant-
1552 1108 1708 1179 rationem
1724 1122 1758 1167 at
1772 1102 1899 1189 publica

368 1208 442 1253 raon
457 1186 630 1267 matarum,
637 1187 696 1270 fid
705 1186 893 1266 aociuorram,
909 1182 972 1252 hoc
987 1185 1048 1265 est,
1065 1189 1120 1272 qni
1165 1189 1355 1256 audloritate
1371 1190 1467 1255 libros
1484 1190 1676 1276 prohibere,
1694 1211 1762 1257 non
1778 1193 1900 1257 Roma·

368 1278 422 1347 ob
440 1273 611 1349 ledlorum
628 1272 881 1339 imbecillitatem
895 1276 933 1339 iis
951 1276 1042 1340 noxii
1061 1273 1121 1340 esse
1163 1280 1198 1341 ni
1214 1271 1400 1362 pontilicis,
1416 1296 1472 1343 aut
1488 1279 1593 1364 episco
1618 1299 1724 1357 orum,
1745 1277 1798 1345 sed
1815 1276 1898 1341 sern-

364 1363 583 1453 queant,vbi
597 1357 677 1429 &de
690 1358 730 1426 ch
755 1361 951 1441 micislibris,
965 1362 1063 1447 &qui
1072 1383 1120 1425 ar·
1164 1385 1295 1429 morum
1314 1366 1544 1450 imperantium
1563 1302 1624 1447 ed,
1648 1384 1703 1431 aut
1725 1367 1840 1450 quibus
1859 1364 1898 1427 ab

361 1465 540 1609 ffimenta
551 1451 660 1515 inania
672 1466 719 1514 tra
753 1465 818 1529 ant,
831 1443 960 1523 disserit,
973 1465 1120 1533 quartam
1164 1448 1213 1516 his
1237 1449 1353 1515 haecce
1372 1450 1509 1535 poteslas
1529 1451 1572 1520 est
1593 1450 1796 1519 demandata.
1849 1450 1899 1517 De

411 1560 450 1605 nr

452 1558 526 1624 que
537 1557 594 1599 nec
608 1539 641 1601 irt
646 1535 682 1616 se
695 1536 911 1601 malorarrrnec
923 1538 1120 1609 tacitorum
1163 1535 1266 1604 modo
1287 1535 1424 1623 denique
1445 1560 1464 1603 a
1483 1540 1569 1606 libris
1596 1542 1699 1606 noxiis
1725 1537 1898 1605 hominum

363 1628 430 1693 vbi
448 1628 545 1693 inter
564 1624 627 1689 alia
644 1620 684 1689 de
704 1626 876 1710 anonymis
891 1623 926 1689 &
936 1620 1082 1775 pseudon
1104 1660 1119 1675 -
1163 1627 1290 1691 animos
1311 1622 1494 1706 auertendi,
1517 1624 1769 1701 obseruandum,
1792 1621 1896 1691 srvio·

359 1709 651 1795 misectbasaeit.
706 1707 874 1794 Quaedam
886 1711 919 1774 in
960 1709 1020 1775 isce
1034 1729 1068 1775 re
1103 1730 1121 1774 e
1163 1712 1263 1779 lentia
1278 1727 1334 1778 aut
1349 1712 1476 1779 coactio
1491 1711 1698 1794 adhibeatur,
1721 1732 1836 1800 parum
1856 1704 1898 1776 ad

360 1804 407 1873 ἀ
426 1794 563 1868 erudite
576 1794 669 1877 tradi,
681 1818 753 1864 non
766 1800 896 1873 abnu03
908 1793 1121 1883 sedpleraque
1163 1799 1321 1866 summam
1336 1801 1381 1864 rei
1401 1796 1514 1884 profici
1521 1826 1533 1879 ,-
1549 1824 1624 1867 cum
1642 1800 1707 1867 hoc
1723 1797 1826 1865 modo
1844 1816 1900 1861 cu·

360 1890 556 1977 ingenium
600 1885 697 1973 plane
739 1883 923 1951 Iesuiticum
966 1881 1120 1970 produnt·
1163 1883 1285 1954 riolitas
1300 1885 1473 1953 hominum
1496 1910 1535 1954 eo
1556 1891 1656 1975 magis
1675 1891 1840 1965 irritetur,
1863 1898 1900 1951 vt

361 1972 485 2065 Quod
509 1967 703 2041 nolhatium
722 1971 821 2038 libros
839 1975 924 2037 inter
942 1973 1059 2037 noxios
1074 1990 1121 2035 re-
1164 1971 1280 2039 auidel
1321 1994 1390 2053 ant,
1407 1976 1552 2059 aquibus
1566 1976 1626 2043 hac
1648 1978 1773 2041 ratione
1788 1992 1899 2039 areen-

361 2066 470 2145 serat,
490 2058 796 2128 nonadeoilliritio
810 2076 933 2125 vertere
946 2056 1121 2145 potl‘umusa
1165 2080 1227 2127 tur.
1283 1995 1342 2124 dd
1356 2080 1607 2128 auersatum
1630 2081 1667 2128 vt
1690 2078 1900 2137 reuertamur,

364 2144 770 2223 cumdetomanensrum
782 2146 870 2213 libris
884 2143 1121 2211 uoseademra·
1163 2150 1190 2213 is
1214 2151 1568 2228 rnauc.1vnto,&
1590 2170 1641 2216 ιο.
1660 2169 1794 2217 narro
1815 2165 1901 2231 opus

365 2242 481 2309 tione
500 2235 692 2303 censeamus.
734 2231 825 2301 Idem
842 2232 957 2300 audior
972 2232 1121 2316 partitio·
1163 2233 1256 2300 suum
1280 2232 1452 2320 opposuit,
1476 2238 1520 2303 ob
1534 2238 1666 2301 indicem
1686 2234 1903 2322 expurgatori·

371 2348 424 2395 ne
436 2324 544 2406 tertia,
555 2340 590 2409 p.
608 2323 676 2389 266.
688 2322 724 2407 st
742 2344 772 2407 q.
785 2318 825 2387 de
848 2320 1015 2407 configendi
1027 2320 1123 2385 libros
1163 2342 1217 2385 ram
1228 2320 1493 2408 taquamquam
1507 2345 1596 2390 runt
1606 2345 1648 2389 vs
1664 2346 1715 2390 an.
1731 2334 1901 2405 1584cum

366 2410 529 2503 potestate
543 2412 628 2498 agit,
648 2342 742 2496 quod
753 2427 981 2496 argumentum
995 2408 1121 2494 plenius
1163 2405 1277 2493 infigni
1304 2407 1505 2494 praefatione
1528 2410 1759 2496 Heidelbergae
1787 2410 1902 2495 impti-

371 2496 610 2590 copioliusque
624 2516 662 2563 ex
677 2512 784 2563 mente
798 2492 1039 2562 romanensium
1051 2513 1121 2581 per·
1163 2493 1321 2563 mendum
1335 2499 1478 2576 curauit,
1493 2500 1548 2582 qui
1568 2495 1718 2583 deinceps
1739 2519 1792 2562 an.
1816 2513 1902 2578 1599

377 2590 524 2677 sequitur
536 2604 622 2653 rac.
637 2580 1121 2664 ararsravs,exeodem1e
1162 2585 1209 2649 Ar
1231 2585 1387 2664 entorati,
1406 2602 1482 2649 curn
1496 2584 1698 2670 praefatione
1711 2604 1838 2649 aanor
1853 2602 1903 2647 re·

378 2676 539 2745 suitatum
551 2668 670 2741 ordine
685 2672 868 2759 theologus,
882 2667 921 2737 de
933 2671 1047 2741 iure&
1055 2687 1121 2733 mo·
1162 2602 1253 2737 tulgus
1268 2670 1329 2738 fuit
1344 2693 1354 2746 ς
1374 2666 1446 2737 vide
1473 2690 1496 2735 u
1506 2690 1571 2736 au.
1585 2691 1696 2738 anau
1706 2690 1746 2735 cr
1768 2668 1904 2753 difipaist·

384 2760 624 2849 reprobilretrdt',
641 2758 851 2847 expurgandi,
874 2756 1064 2829 &abolendi
1084 2754 1122 2820 ii·
1163 2760 1280 2822 tionem
1301 2758 1527 2839 academicam,
1550 2759 1588 2822 de
1606 2755 1902 2844 papistarom'indi·

388 2845 642 2917 brosdaereticor
660 2848 701 2919 θ’
719 2848 849 2924 noxiom
863 2845 1009 2927 aduerfias
1021 2848 1121 2909 Fran·
1164 2846 1250 2910 cibus
1264 2844 1415 2911 librorum
1433 2842 1664 2930 prohibitorum
1678 2848 1718 2918 θ’
1731 2854 1904 2931 ενρννμηέ

388 2937 636 3022 cidmsartirtm
656 2930 859 3019 Calatinidam
871 2977 884 3015 ,
913 2934 952 3005 ὅ
975 2938 1122 2999 Ioannem
1164 2933 1285 3012 doram,
1301 2937 1361 2998 c.1.
1377 2942 1411 3012 5.
1428 2937 1482 2998 ΙΧ.
1493 2952 1527 3019 p.
1540 2953 1569 3015 p.
1615 2934 1666 2999 De
1684 2936 1811 2999 ratione
1847 2952 1901 2997 ro-

391 3030 538 3113 rapport,
545 3022 687 3107 aliosque
696 3022 913 3108 praedicantes
928 3018 1123 3087 Lacherarrot
1165 3015 1296 3085 hibendi
1319 3018 1599 3106 proscribendique
1619 3020 1718 3086 libros
1731 3040 1812 3107 quos
1890 3064 1903 3101 ,

391 3114 450 3185 σε.
493 3104 976 3198 lngolstadii‚an.1603,4to.
1021 3103 1121 3172 Idni·
1165 3106 1539 3192 legissequoqueiuuabit
1555 3126 1903 3173 cnrrsroanmarrn.

391 3202 506 3267 ruitum
517 3194 575 3265 hic
588 3196 655 3283 agit
672 3214 937 3274 ottrannus,
959 3211 995 3259 vt
1014 3189 1121 3259 oslen-
1164 3213 1342 3273 rrarnvra,
1357 3196 1394 3259 in
1408 3194 1575 3260 introduci.
1588 3194 1632 3257 ad
1652 3193 1755 3281 histor.
1771 3192 1903 3281 theolog.

391 3284 454 3369 dat,
469 3286 567 3352 omni
582 3299 648 3349 tem
671 3302 746 3363 ote,
766 3299 837 3349 tum
856 3276 942 3366 apud
962 3277 1121 3358 ethnicos,
1165 3280 1258 3345 litter.
1272 3282 1356 3345 notis
1370 3278 1557 3365 ampliffimis
1580 3280 1724 3370 illustrat.
1735 3280 1904 3368 prolegom.

390 3389 484 3440 tuma
508 3366 556 3439 ud
575 3368 646 3437 chri
674 3372 680 3383 '
726 3391 763 3435 os
782 3373 819 3437 in
839 3371 1003 3456 primitiua
1023 3368 1122 3433 etiam
1165 3377 1199 3449 5.
1215 3371 1256 3431 11.
1260 3386 1293 3452 p.
1303 3386 1334 3449 9.
1348 3366 1402 3431 vbi
1418 3365 1608 3434 &laudatur
1623 3390 1702 3436 rac.
1719 3386 1904 3436 uorcttv

392 3462 453 3527 eccl
511 3454 801 3541 ,vsrtatumsuissq
814 3476 851 3522 vt
866 3457 939 3521 libri
951 3457 1120 3522 noxiinon
1164 3452 1376 3537 corrumpier
1393 3454 1495 3538 disqur'
1515 3459 1560 3520 tio
1585 3455 1729 3542 historica
1750 3459 1787 3523 de
1807 3455 1901 3528 libro,

393 3562 512 3614 tantum
529 3544 795 3634 prohiberentur,
811 3542 864 3610 sed
891 3546 965 3629 igne
990 3558 1122 3628 quoque
1164 3560 1234 3604 rutra
1249 3541 1333 3605 circa
1350 3561 1399 3605 res
1413 3540 1599 3627 theologicas
1612 3544 1845 3628 adprobatione.
1855 3543 1903 3609 Ex

391 3636 673 3709 comburerentute
691 3653 765 3699 eum
789 3651 829 3697 ue
839 3627 922 3697 adeo
938 3646 1121 3696 moremte-
1162 3629 1201 3693 iis
1217 3644 1339 3708 autem,
1375 3648 1433 3695 uae
1448 3632 1652 3708 monuimus,
1674 3631 1849 3714 intelligere
1863 3631 1904 3695 li-

391 3722 438 3791 ee
458 3721 602 3809 usurpari
620 3721 661 3786 ab
679 3653 806 3788 ecclella
820 3739 974 3801 romana,
987 3716 1037 3782 vel
1052 3716 1119 3781 eius
1163 3732 1230 3798 cet,
1246 3712 1326 3801 quid
1350 3648 1391 3782 de
1411 3713 1653 3783 romanensium
1679 3714 1840 3782 indicibus
1862 3717 1903 3784 li.

390 3813 497 3897 potius
509 3810 613 3895 eapite
626 3806 779 3875 Romano
787 3800 954 3891 pontifice.
1000 3804 1072 3887 Qta
1081 3797 1121 3866 de
1164 3801 1555 3887 brorumprohibitorum,
1571 3805 1604 3869 ὃν
1619 3798 1902 3890 expurgandorurn

393 3892 576 3983 quaestione
594 3912 632 3961 vt
655 3894 740 3962 rede
757 3890 935 3973 statuatur,
956 3890 1121 3978 sequentia
1167 3888 1358 3956 censendum
1379 3889 1435 3965 stt,
1457 3886 1626 3977 dequibus
1646 3888 1775 3975 copiose
1797 3888 1831 3955 &
1847 3912 1902 3959 ex-

393 3980 587 4050 obseruanda
597 3980 681 4049 sunt.
737 3982 880 4048 Primum
896 3976 935 4048 de
947 3980 1034 4046 libris
1050 3972 1123 4064 ipfis
1166 3974 1284 4063 quifito
1299 3974 1404 4043 studio
1414 3982 1491 4064 agit,
1507 4000 1603 4064 quem
1612 3981 1676 4044 iam
1687 3972 1903 4065 laudauimus,

390 4063 631 4158 dispiciendum,
643 4088 716 4136 turn
736 4089 847 4136 reuera
864 4070 971 4148 noxii,
988 4088 1030 4131 an
1045 4084 1123 4131 vero
1166 4085 1264 4131 nau.
1278 4084 1325 4130 rte
1336 4084 1356 4131 a
1366 4086 1391 4132 u
1401 4086 1420 4131 c
1430 4069 1519 4145 vs,iu
1526 4068 1624 4131 citata
1632 4062 1841 4151 distpaistn'orte,
1848 4070 1904 4136 Li.

389 4161 471 4227 tales
488 4174 615 4223 tantttm
628 4151 926 4242 habeantur,quod
939 4152 1053 4221 nostris
1067 4147 1121 4217 ad·
1166 4150 1316 4238 psraean.
1335 4159 1474 4237 16854.
1493 4152 1588 4220 edita.
1634 4152 1791 4218 Conferre
1805 4160 1904 4225 etiam

388 4246 556 4317 uersentur
571 4243 705 4333 placitis.
761 4244 931 4327 Iniquum,
954 4246 1058 4308 immo
1073 4243 1123 4305 in·
1166 4238 1350 4308 iuuabitrn
1361 4260 1480 4306 orara
1494 4237 1905 4326 trrrerrscbrdiasque

389 4356 497 4423 eptem
508 4330 565 4415 est,
578 4334 701 4401 librum
708 4332 849 4419 aliquem
861 4328 936 4398 ideo
948 4326 1052 4397 statim
1061 4346 1123 4395 no-
1166 4328 1362 4408 artiioribas,
1378 4332 1434 4416 qtti
1445 4327 1692 4413 descriptoribus
1706 4328 1904 4424 etcdfiasticr's

389 4428 476 4491 xium
488 4420 643 4504 iudicare,
664 4416 756 4507 quod
776 4423 812 4487 iu
824 4415 1046 4505 quibusdama
1062 4438 1122 4482 no·
1166 4432 1292 4503 egertarrt
1302 4462 1314 4497 ,
1332 4426 1366 4495 5.
1387 4420 1485 4483 XXV.
1503 4434 1536 4501 p.
1552 4426 1602 4501 87.
1609 4418 1693 4507 seqq.
1710 4414 1765 4488 vbi
1780 4422 1904 4508 praeci.

388 4508 446 4580 lita
459 4512 551 4581 abeat
567 4508 740 4578 sententia.
783 4504 908 4573 Deinde
926 4501 1015 4593 quod
1023 4502 1064 4574 ad
1072 4508 1121 4572 ius
1166 4506 1223 4592 pui
1238 4526 1275 4571 ex
1291 4501 1376 4570 hisce
1395 4502 1551 4572 indicibus
1573 4504 1772 4575 adferuntur.
1795 4508 1902 4575 Disce-

388 4604 508 4685 atiner,
521 4601 627 4669 libros
639 4592 854 4685 prohibendi,
867 4611 923 4660 aut
935 4615 996 4681 pro
1016 4598 1122 4661 noxiis
1166 4613 1199 4659 re
1214 4613 1293 4659 vtro
1307 4612 1345 4657 ex
1360 4590 1472 4660 iisdem
1487 4588 1647 4661 indicibus
1661 4598 1758 4676 licet,
1781 4610 1901 4683 quanta

386 4686 585 4769 declarandit
607 4682 782 4759 etduthbet
797 4679 948 4774 equidem
968 4677 1123 4768 doctoris,
1167 4678 1299 4836 andala
1313 4681 1517 4753 romanenses
1530 4682 1720 4756 invetetum
1733 4687 1900 4771 pariterue

1310 4784 1330 4855 ³
1790 4786 1901 4839 recen»
