5259 5967
630 708 667 811 ἦ
697 718 764 787 nu
786 716 1102 795 ruuoiooia
1123 721 1363 791 rustici
1394 723 1486 793 sav
1516 724 1865 795 ooouarica
2015 746 2080 814 34,

551 882 631 937 cata
644 858 876 961 postliminio
907 860 1206 940 scholasticorum
1228 863 1422 943 obscurare
1437 868 1563 973 coepit
1577 868 1762 963 subtilitas,
1777 893 1863 947 cum
1878 894 2015 945 vocum
2024 894 2071 947 ex

552 980 651 1035 meta
679 956 800 1059 hyfica
814 958 1092 1070 depromtarum
1106 961 1215 1039 abusu
1231 964 1444 1051 coniunllm
1470 967 1595 1042 donec
1608 968 1730 1044 nostra
1744 990 1859 1044 aetate
1880 966 2069 1071 pristinum

524 1092 531 1107 ·
553 1080 634 1160 quo
663 1054 839 1133 ammodo
853 1057 1075 1157 systematum
1092 1059 1279 1163 theologia
1291 1088 1509 1169 recuperare
1524 1066 1653 1143 faeiem
1670 1067 1803 1169 coepit.
1832 1071 1848 1107 *
1891 1152 1894 1159 ,

559 1236 563 1241 ·
644 1216 663 1258 *
684 1211 856 1299 Postquam
871 1216 1048 1300 originem,
1064 1214 1163 1296 aut,si
1179 1219 1293 1298 mauis,
1338 1216 1516 1286 stematicae
1535 1220 1570 1283 in
1592 1218 1698 1284 nostra
1718 1216 1846 1285 ecclesia
1868 1217 2069 1287 constituerit

555 1298 793 1369 reslitutionem
814 1298 997 1387 theologiae
1018 1300 1234 1389 systematicac
1259 1309 1293 1370 in
1318 1298 1506 1391 periodos,
1521 1309 1782 1391 quarumpiima,
1797 1304 2069 1390 veterunisinipli·

555 1384 685 1459 ecclesia
699 1386 825 1468 nostra,
853 1388 1086 1475 perspeximus,
1110 1409 1146 1456 vt
1165 1389 1203 1457 de
1226 1394 1293 1457 eius
1324 1395 1465 1459 citatem
1487 1411 1659 1479 vicumque
1682 1396 1843 1472 retinens,
1864 1395 1904 1459 ab
1922 1390 2071 1459 ecclesiae

555 1496 687 1563 quoque
701 1474 773 1541 satis
787 1472 948 1556 ditamus,
971 1475 1036 1561 ipsa
1049 1476 1186 1544 instituti
1195 1475 1293 1543 nostri
1337 1477 1565 1545 emendatione
1578 1501 1676 1565 vsque
1691 1476 1731 1545 ad
1746 1480 1950 1566 colloquium
1965 1481 2071 1545 Ratis·

556 1562 698 1652 postulat
717 1565 811 1628 ratio.
865 1565 947 1629 Sunt
969 1561 1102 1648 quidem
1130 1566 1291 1646 nonnulli,
1337 1564 1498 1647 bonense,
1521 1565 1574 1631 seu
1592 1568 1723 1633 initium
1745 1564 2068 1651 saeculixv11,pr0.

557 1646 669 1736 quide
683 1648 897 1716 innolescente
909 1651 1047 1732 iterum,
1063 1654 1128 1716 iain
1143 1670 1291 1739 tempore
1335 1650 1494 1740 greditur3
1516 1654 1612 1719 altera
1627 1655 1770 1720 terminis
1783 1650 2013 1739 metaphyficis,
2033 1653 2069 1720 dt

558 1758 667 1805 iiiii.
687 1746 1096 1819 imitancuruouis,
1127 1738 1291 1826 theologia
1334 1738 1598 1806 scholasticonim
1628 1740 1854 1806 subtilitatibus
1888 1737 2070 1824 indulgens,

559 1821 743 1893 scholastica
770 1840 1035 1910 conqueruntur,
1071 1828 1123 1891 cui
1146 1826 1204 1891 loci
1224 1830 1291 1891 eius
1336 1829 1375 1893 ab
1389 1829 1484 1891 initio
1502 1826 1613 1892 lieculi
1629 1824 1746 1893 decimi
1760 1827 1904 1913 septimi,
1920 1822 2069 1911 usquead

559 1912 717 1997 theologici
730 1908 931 1977 occasionem
949 1908 1113 1988 dederint,
1136 1913 1226 1979 cons.
1240 1932 1291 1978 ιο.
1335 1913 1414 1979 illud
1428 1932 1571 1999 tempus,
1596 1934 1662 1999 quo
1677 1935 1732 1999 per
1754 1934 1847 1980 niu.
1871 1932 2069 1980 euarist-

559 2019 715 2065 uuicti.
738 2001 1035 2078 unarrrivs,in
1049 2000 1292 2069 emendandis&
1335 2003 1443 2066 viiin
1459 1999 1571 2086 logicis
1588 1997 1789 2086 &physicis,
1813 2021 1870 2085 per
1893 2020 1984 2067 saia.
2007 2019 2072 2066 iv·

559 2086 743 2171 corrigendis
753 2086 936 2169 quibusdam
949 2088 982 2149 in
995 2084 1124 2170 historia
1133 2086 1292 2172 Minoia·
1336 2091 1632 2169 ruuoossitrivu,
1655 2089 1817 2172 aliosque,
1839 2086 1874 2151 in
1883 2088 2073 2166 moralibus,

559 2196 600 2239 aa
615 2171 758 2257 oeostom's
765 2174 963 2258 germanicae
977 2174 1143 2238 bibliorum
1151 2172 1292 2251 lutheri,
1336 2174 1451 2240 teieda
1458 2176 1634 2240 recentium
1640 2172 1901 2240 scholasticorum
1914 2175 2072 2253 barbarie,

558 2278 588 2347 p.
598 2279 643 2346 31.
658 2262 694 2327 δι
713 2279 768 2324 ιο.
790 2279 897 2324 cvii.
918 2279 1166 2341 ιιειιοιυνι,
1189 2263 1222 2325 in
1236 2256 1293 2324 der
1337 2282 1425 2325 noua
1443 2259 1694 2347 philosophandi
1716 2259 1903 2328 introdudla
1919 2259 1964 2327 est
1976 2262 2071 2327 ratio.

559 2345 1013 2433 Eioleitungzurgroindlici'oen
1029 2345 1293 2431 Kirchen-Histo·
1336 2345 1458 2415 Exinde
1480 2350 1567 2411 enim
1586 2347 1719 2433 quidam
1747 2368 1785 2413 ex
1807 2346 1971 2433 theologia
1990 2367 2075 2432 quo·

561 2440 603 2499 rie
616 2436 683 2505 (sc.
698 2454 724 2497 c.
738 2436 809 2499 Vir.
827 2442 858 2515 §.
871 2437 930 2498 111.
941 2453 976 2517 p.
988 2443 1057 2517 588.
1102 2430 1234 2518 Quodsi
1249 2435 1292 2498 ita
1336 2456 1398 2521 que
1427 2431 1584 2519 superflua
1612 2438 1646 2502 dc
1671 2437 1781 2500 inania
1806 2431 2073 2500 scholasticorum

561 2522 771 2607 intelligatur,
793 2518 882 2587 finire
897 2524 964 2585 iam
978 2538 1064 2601 tuni,
1079 2524 1134 2606 qui
1151 2519 1294 2605 negleela
1339 2538 1541 2601 commenta,
1566 2522 1749 2599 cumabusu
1767 2524 1979 2587 terminorum
2001 2540 2073 2585 me·

560 2610 712 2696 scriptura
729 2607 832 2688 sacra,
862 2605 1046 2693 theologiae
1064 2605 1293 2693 systematieae,
1339 2608 1417 2693 taph
1442 2604 1580 2675 sitorum
1635 2607 1827 2694 proscribere
1881 2622 2071 2692 coeperunt.

561 2698 737 2782 plusquam
745 2690 853 2772 decet,
876 2692 1038 2774 dederint,
1056 2695 1190 2762 &more
1204 2692 1293 2759 scho-
1339 2629 1563 2760 Conlitmatur
1575 2692 1635 2759 hac
1649 2698 1791 2774 ratione,
1814 2693 1904 2781 quod
1920 2694 1995 2759 alibi
2004 2696 2072 2758 iam

563 2780 748 2851 lallicorum
774 2803 812 2849 ea
848 2780 888 2846 ad
916 2779 1147 2847 controuersias
1180 2802 1295 2868 parum
1339 2783 1559 2861 obseruatum,
1584 2782 1757 2849 coniundla
1777 2780 1859 2859 sere,
1882 2783 1917 2848 δι
1938 2774 2072 2846 arctissi-

561 2870 707 2937 utilitatis
755 2866 946 2947 adserentes,
977 2863 1062 2933 abusi
1099 2865 1188 2944 lint,
1224 2889 1295 2932 non
1339 2892 1396 2934 mo
1411 2869 1542 2933 vinculo
1558 2869 1706 2957 colligata
1720 2872 1803 2936 inter
1821 2869 1853 2935 se
1868 2867 2074 2953 esse,jphilo-

562 2975 757 3045 magnopere
769 2977 821 3021 me
835 2954 890 3021 sibi
904 2954 1295 3041 refragantemhabebunt.
1339 2953 1469 3043 sophiae
1484 2975 1581 3041 atque
1596 2953 1796 3042 theologiae,
1817 2954 2001 3041 praesertim
2021 2954 2072 3042 sy·

561 3048 592 3113 si
606 3062 718 3110 tanim
730 3038 902 3107 dicendum
915 3041 1004 3127 quod
1015 3063 1063 3107 res
1078 3040 1139 3123 est,
1152 3040 1295 3108 christia·
1340 3044 1531 3123 stematitae,
1539 3042 1612 3108 sata.

562 3154 603 3199 na
615 3128 800 3216 simplicitas
816 3132 851 3194 in
864 3128 1128 3215 systematibus&
1142 3150 1295 3213 compen·
1427 3130 1527 3195 Initio
1546 3132 1657 3215 itaque
1673 3132 1825 3217 regnabat
1843 3130 1880 3196 in
1900 3127 2015 3195 scholis
2037 3128 2075 3195 dc

562 3217 619 3287 diis
631 3215 823 3302 theologicis
835 3216 908 3281 satis
923 3217 1110 3283 conseruata
1135 3216 1213 3296 fuit,
1236 3214 1295 3280 do·
1339 3214 1627 3283 academiisiiiri.
1650 3214 2076 3297 uuiancuriaoudoci-

560 3328 622 3373 nec
636 3324 712 3370 cuin
725 3305 869 3369 terminis
881 3299 1116 3389 metaphysicis,
1134 3300 1294 3370 scholasti·
1339 3326 1402 3389 que
1414 3307 1480 3369 eius
1495 3303 1655 3389 theologici
1667 3300 1779 3389 passim
1800 3304 2076 3391 praelegebantut.

562 3412 676 3461 corum
694 3393 789 3457 etiam
804 3392 1010 3476 quisquiliae,
1024 3411 1186 3475 vanaeque
1203 3391 1293 3456 &in-
1340 3394 1489 3476 Cumque
1507 3411 1577 3456 non
1596 3388 1751 3471 deessent,
1773 3393 1830 3476 qui
1854 3388 2076 3459 adnotationi-

564 3480 661 3548 utiles
678 3474 1295 3555 controuersiae‚iteruminueherentur.
1339 3481 1397 3544 bus
1414 3479 1448 3544 dt
1463 3481 1700 3544 commentariis
1708 3500 1763 3545 eos
1772 3476 2081 3563 explicarent3idem

561 3564 600 3635 ld
617 3586 697 3632 veto
716 3566 755 3630 ab
778 3585 818 3630 eo
841 3566 1009 3648 praecipue
1027 3582 1198 3649 tempore,
1228 3581 1296 3648 quo
1341 3568 1375 3632 in
1396 3560 1560 3630 academia
1580 3561 1877 3649 Witteubergensi,
1908 3580 2077 3644 monente,

531 3654 764 3739 ,colloquium
795 3650 1024 3717 Ratisboiiense
1056 3654 1138 3717 circa
1164 3652 1297 3715 initium
1342 3655 1376 3720 dc
1392 3654 1426 3717 in
1439 3646 1671 3717 difficilioribus
1686 3671 1818 3736 operam
1835 3649 1922 3716 suain
1938 3654 2078 3734 promit·

558 3742 677 3808 saeculi
691 3757 780 3805 xvii
797 3735 980 3804 institutum
994 3737 1074 3817 fuit,
1097 3735 1296 3815 fadumelse,
1342 3755 1446 3817 terite,
1458 3737 1597 3824 ipsomet
1612 3757 1836 3819 ιιιιιιιιο,
1858 3733 2015 3822 adgrefl'us
2031 3731 2077 3803 est

561 3828 674 3895 saltem
687 3828 829 3913 primam
843 3820 918 3890 inde
934 3820 1112 3890 ducendam
1124 3826 1297 3910 originem,
1342 3844 1475 3893 maur.
1518 3845 1801 3904 cuiuuirivs,
1844 3844 1964 3909 eosque
1992 3819 2078 3888 adeo

562 3918 639 3985 viris
653 3912 777 3993 dedis,
801 3912 959 3995 nobisque
972 3908 1046 3996 ipfis
1066 3910 1157 3997 supra
1177 3916 1242 3975 ium
1257 3905 1299 3974 ad
1342 3913 1647 4000 hypomnematibus
1670 3912 1732 3979 suis
1759 3906 1939 3977 illustrauit.
1983 3910 2079 3977 Haec

556 4019 645 4091 pm.
665 4005 692 4067 1.
709 4021 734 4065 c.
753 4003 814 4065 IV.
832 4009 867 4078 ς.
887 4000 1067 4065 XXXVIII.
1096 3998 1299 4064 obseruatum
1342 3995 1469 4085 postea,
1493 3999 1699 4087 Brunsuigam
1718 4015 1877 4077 vocatus,
1899 3998 2015 4083 partim
2030 3997 2077 4065 le-

560 4086 619 4160 ell.
662 4091 702 4156 ln
723 4108 763 4154 eo
789 4089 894 4166 enini,
921 4107 1014 4166 cum,
1040 4086 1087 4151 vti
1107 4082 1228 4152 ibidem
1251 4082 1298 4150 di-
1344 4086 1504 4154 monibus
1520 4087 1675 4172 publicis,
1705 4088 1822 4171 partim
1841 4085 2077 4151 lucubrationi·

562 4178 673 4259 dium,
696 4194 774 4242 iac.
797 4193 1045 4254 enirsunvs,
1060 4191 1177 4238 anam
1199 4189 1298 4237 riu·
1342 4178 1401 4241 bus
1415 4174 1563 4259 priuatis,
1586 4175 1631 4240 ita
1653 4169 1816 4250 dilatauit,
1839 4193 1876 4237 ae
1896 4170 2078 4259 locupleta-

561 4272 722 4351 atssanvs,
755 4280 902 4328 iniria.
931 4278 1134 4338 uicinis,
1155 4258 1297 4339 lesuitae,
1343 4264 1421 4339 uit,
1455 4277 1490 4325 vt
1519 4258 1651 4326 tandem
1682 4262 1718 4325 in
1743 4256 1918 4325 maioriss
1936 4258 2076 4327 stematis

563 4353 711 4419 terminis
727 4345 949 4434 metaphysicis
964 4346 1135 4432 caliginem
1149 4343 1298 4411 nostrati·
1342 4347 1465 4413 molem
1499 4347 1733 4421 excrescerenta
1755 4344 1844 4430 quod
1870 4280 2075 4433 inscriptum:

563 4440 627 4505 biis
639 4432 816 4502 obfundere
837 4432 1074 4507 adniterentur,
1097 4430 1210 4498 florere
1223 4422 1298 4497 inde
1343 4435 1402 4499 loci
1428 4432 1587 4519 theologici
1603 4435 1722 4499 domini
1739 4433 1879 4497 Martini
1899 4434 2077 4518 Chemnitii,

562 4518 790 4612 metaphysices
811 4517 948 4587 studium
963 4523 1088 4606 coepit,
1103 4542 1179 4585 cum
1193 4517 1291 4585 neces
1340 4521 1452 4609 qualus
1463 4521 1502 4591 ί(
1516 4521 1574 4584 loci
1601 4540 1775 4586 communes
1786 4517 1923 4606 Philippi
1949 4522 2075 4589 Melan-

561 4609 637 4683 fitas
653 4606 811 4698 quaedam
818 4606 852 4675 id
866 4604 1024 4694 postulare
1038 4602 1208 4673 videretur.
1215 4608 1298 4672 Non
1341 4606 1483 4675 chabonis
1492 4608 1644 4693 perspicue
1658 4607 1867 4691 explicantur,
1880 4611 1920 4680 θ’
1933 4607 2021 4694 quast
2027 4610 2077 4674 iii.

559 4699 716 4777 errauerit
732 4698 859 4788 itaque,
880 4696 938 4789 qui
956 4711 1017 4773 tres
1042 4690 1225 4786 theologiae
1247 4692 1296 4784 sy·
1340 4714 1461 4858 iegruin
1479 4695 1638 4766 doliriooe
1658 4692 1844 4787 christianae
1860 4714 1968 4785 corpus
1989 4694 2078 4869 ecsclo-

1459 4798 1523 4870 ις
2025 4799 2073 4845 tae
