5259 5967
529 684 598 769 316
814 674 954 754 arsut
982 676 1324 751 rosruuiours
1354 676 1526 747 curor
1547 676 1763 747 rutstvu
1805 698 1821 709 ··

943 794 959 801 -
970 796 973 801 .
985 784 2052 807 ......-.....-....------.-.-.....

534 825 574 891 iis
588 824 623 887 in
643 819 794 905 theologia
806 822 972 907 symbolica
995 822 1057 889 dici
1071 817 1186 909 polht,
1203 824 1266 905 pri·
1310 840 1364 898 rc,
1380 841 1419 883 ea
1441 819 1551 904 quihus
1572 820 1751 883 innumeras
1770 820 1851 884 elicit
1870 824 2049 907 consequen.

535 929 628 977 mum
641 924 767 971 tantum
781 927 818 971 ex
832 906 915 975 hisce
923 914 1102 995 genuinum
1114 909 1185 989 elle,
1191 909 1266 974 viris
1310 908 1483 986 tias,acleo‚
1499 920 1538 969 vt
1553 907 1658 969 omnia
1675 907 1832 972 dollrinne
1846 908 1930 972 illius
1943 912 2050 994 capita

536 992 643 1061 doliis
658 992 861 1060 obseruatum
882 994 934 1061 eli.
978 1000 1267 1081 Neutiquamvero
1310 990 2048 1077 arliiffsmamintcrseconnexionemhalnant.ln

536 1078 591 1147 hic
605 1080 903 1164 praetermittendus
918 1080 962 1150 est
979 1082 1057 1150 libet
1077 1084 1117 1151 de
1136 1080 1268 1147 catechi-
1306 1080 1460 1165 plerisque
1479 1076 1624 1163 mysteriis
1644 1082 1745 1165 magis
1765 1082 1971 1147 ratiocinatus
1990 1087 2049 1169 epi,

537 1168 649 1233 zanclis
662 1168 808 1247 tualibus,
832 1191 903 1235 non
923 1167 1077 1257 quidem,
1099 1192 1137 1235 ac
1157 1166 1268 1254 sr'ipsa
1311 1188 1406 1251 quam
1421 1166 1498 1229 ullus
1511 1169 1620 1231 osochor
1632 1168 1816 1247 antcillum,·
1835 1169 1940 1251 pheres
1954 1191 2050 1254 qstac-

539 1250 688 1320 dolirina
716 1255 910 1322 catechetica
932 1260 966 1320 in
996 1280 1035 1323 eo
1055 1259 1268 1332 contineatur,
1304 1252 1437 1340 stiones,
1450 1252 1726 1335 priusnonmotas,
1741 1257 1860 1339 agitat,
1877 1253 2051 1341 laceransque

537 1338 854 1426 sedquodrationem
866 1342 1077 1410 moechizandi
1098 1341 1173 1409 inde
1190 1362 1269 1407 con·
1309 1340 1487 1425 plnrcssola
1508 1341 1659 1403 acuminis
1663 1342 1714 1422 stri
1727 1345 1762 1403 oi
1769 1342 1902 1405 clirernit.
1947 1348 2052 1429 Longe

541 1424 660 1493 discere
676 1448 847 1512 queamus,
870 1428 1026 1515 simulque
1042 1430 1269 1515 intelligamus,
1304 1428 1429 1511 saepius
1442 1426 1523 1491 ahiit
1536 1427 1578 1489 ah
1590 1428 1866 1509 eorzsmstnrrntr'a,
1884 1430 1939 1513 qui
1953 1432 2051 1515 ipfistn

539 1512 631 1585 istius
644 1517 755 1579 aetatis
773 1510 921 1581 doliores
933 1518 968 1581 in
985 1512 1166 1582 rudioribus
1185 1512 1271 1580 inlli-
1309 1512 1547 1599 practcfferunt,
1564 1516 2051 1603 rtnouamprorfissuiuminhjle.

542 1598 672 1667 tuendis
693 1622 845 1685 magnam
866 1599 1038 1669 adhibuisse
1061 1600 1272 1689 diligentiam.
1314 1616 1372 1681 ret,
1383 1599 1449 1684 stuc
1467 1601 1500 1663 in
1512 1601 1740 1682 scripturarum
1759 1603 2052 1689 explicationc,fiuc

540 1688 686 1771 Rogatus
703 1707 842 1773 namque
861 1709 1143 1755 avorsuruvsa
1166 1687 1272 1754 diaco·
1315 1689 1350 1752 in
1365 1686 1538 1771 theologicis
1549 1690 1753 1769 opinionibus.
1798 1693 1887 1754 circu
1902 1713 1949 1753 ros
1963 1691 2051 1759 theo.

544 1795 593 1839 no
620 1771 889 1859 Carthaginensi,
919 1774 1135 1843 catechizandi
1162 1792 1272 1855 artem,
1318 1774 2054 1861 logicasdecodicipottst‚quodsloseipffoclicehat

542 1856 696 1926 laudabili
704 1860 849 1944 proselio
856 1860 1012 1943 instituto,
1022 1860 1139 1929 docere
1152 1863 1274 1936 voluit,
1320 1864 1421 1927 Cicero
1436 1862 1519 1923 circa
1526 1858 1749 1944 philosophiam
1757 1907 1767 1941 ,
1782 1865 1969 1947 qttodfuetit
1980 1888 2050 1929 ma.

542 1948 726 2031 eumquein
738 1942 1007 2034 linempraecepta
1021 1946 1276 2034 primumtradit,
1312 1967 1395 2035 gnus
1407 1947 1658 2033 opinator,ielest,
1672 1951 1754 2033 qoool
1761 1952 1916 2035 plurimae
1930 1954 2049 2037 opinio.

546 2050 585 2099 vt
598 2031 633 2100 id
648 2026 747 2099 officii
767 2056 838 2099 uon
859 2052 987 2103 tantum
1006 2054 1091 2102 certa
1107 2032 1276 2112 methodo,
1319 2056 1389 2116 nes,
1404 2054 1480 2118 quae
1492 2054 1610 2097 meram
1622 2034 1779 2101 habehant
1786 2038 2053 2121 probabilitatem,

547 2139 644 2208 atque
658 2117 776 2186 idonea
790 2125 931 2203 ratione,
955 2121 1117 2189 sedetiam
1133 2120 1277 2189 linetae-
1321 2124 1355 2186 in
1367 2120 1678 2205 modittmprotnlcrit.
1725 2125 1784 2188 Stel
1803 2127 1837 2190 id
1847 2128 1927 2208 fecit
1945 2135 2053 2213 Augu-

544 2207 605 2275 dio
620 2207 736 2273 &cum
750 2206 910 2275 hilaritate
930 2211 1113 2294 impleatur.
1158 2206 1276 2286 Postea,
1312 2208 1415 2294 plinus
1428 2208 1592 2271 aslrnoelttm
1606 2208 1748 2296 moclcste,
1762 2214 2052 2295 acprrocltuter‚non

546 2296 704 2364 reuocatis
718 2291 759 2360 ad
769 2295 860 2360 usum
876 2300 1068 2381 praeceptis,
1085 2294 1205 2381 profert
1213 2293 1278 2379 ipse
1322 2317 1358 2358 ca
1369 2293 1937 2379 mente,veslios,clarius-inmfinsm,
1951 2322 2052 2365 caeto-

547 2384 585 2451 in
598 2381 779 2466 exemplum
792 2381 972 2465 sermones,
994 2379 1121 2448 adeum
1134 2380 1278 2448 erudien·
1322 2402 1392 2444 rum
1403 2382 1905 2470 inrnorcm,stqrccsoclrsnv,seligi-’ren
1938 2394 2055 2451 cornera

546 2466 649 2550 dum,
672 2470 728 2553 qui
747 2466 933 2534 christianus
956 2468 1015 2536 css'e
1036 2470 1129 2548 velit,
1150 2488 1279 2551 compa·
1322 2487 1415 2543 vtro,
1437 2470 1806 2553 cosnagitursleeccltpiue
1820 2474 1970 2553 elolirina,
1985 2496 2056 2539 carn

546 2572 635 2622 ratos
650 2553 743 2635 duos,
758 2555 814 2620 lon
838 2556 1280 2635 ioremvnum,altetumbre·
1324 2575 1391 2617 curn
1411 2553 1510 2616 animi
1520 2554 1674 2638 firmitate
1691 2561 1857 2641 proponit,
1881 2580 1918 2623 ac
1936 2578 2054 2641 tcsottsr,

548 2636 726 2711 uiffimum.
769 2576 873 2707 Euhat
882 2642 1004 2708 libellus
1012 2640 1069 2707 iste
1082 2660 1206 2726 operum
1214 2644 1280 2707 eius
1325 2660 1450 2723 eamque
1490 2657 1696 2727 oppugnantur
1728 2648 1860 2727 fortiter
1900 2648 2057 2713 adoritur.

549 2746 626 2797 torn.
645 2733 698 2795 Vl.
708 2746 743 2813 p.
766 2749 817 2811 tot.
832 2731 916 2813 ftqq.
938 2726 1013 2795 edit.
1027 2750 1107 2811 quae
1127 2730 1282 2794 Antores·
1326 2726 1429 2791 Multo
1445 2727 1546 2789 minus
1562 2728 1750 2811 crtsditione,
1772 2754 1866 2815 qttattt
1881 2736 1997 2820 ingenii
2004 2736 2059 2798 clo·

551 2818 625 2903 piae
642 2834 721 2897 ¹7⁰¹
737 2813 868 2899 prodiit.
912 2813 1056 2901 Legenda
1069 2818 1208 2879 omnino
1230 2835 1281 2878 ro.
1325 2814 1406 2877 tihus
1420 2813 1541 2877 ualchot
1549 2838 1560 2891 ,·
1581 2836 1655 2878 rrum
1669 2838 1763 2900 neque
1776 2819 1895 2903 linguas
1912 2821 2058 2903 callehat,

550 2924 702 2971 nauso.
726 2922 950 2969 cauuzovrr
970 2898 1010 2967 ad
1030 2902 1152 2968 huncce
1171 2901 1281 2985 Augu·
1325 2920 1420 2983 neque
1445 2915 1579 2964 veterum
1600 2903 1718 2986 firipta
1740 2906 1904 2969 euoluerat.
1951 2909 2058 2974 uiscus

551 2986 626 3057 llini
651 2990 787 3068 librum,
821 2989 857 3052 cle
885 2986 1111 3053 catechizandis
1143 2987 1281 3066 rudibus,
1315 2984 1446 3070 facilius
1459 2987 1630 3070 actcrſsus,
1658 3010 1750 3073 quarn
1766 2990 1861 3073 polite
1874 2994 1914 3061 ὅ
1934 2992 2060 3077 elegans.

551 3074 748 3154 dissertatio,
770 3078 807 3141 in
819 3096 884 3159 qua
894 3096 963 3139 non
984 3092 1111 3139 turtum
1133 3070 1283 3139 adcurate
1326 3090 1374 3137 ter
1387 3117 1399 3151 ,
1414 3072 1579 3153 scrihebat.
1625 3078 1776 3161 Quamuis
1792 3074 1980 3143 rhetoricam
2003 3083 2059 3145 do.

550 3167 622 3231 eius
648 3158 778 3247 analysis
798 3160 981 3239 exhibetur,
1003 3158 1158 3228 sedidem
1179 3159 1284 3225 obser·
1327 3158 1376 3223 cui
1397 3177 1444 3238 et,
1472 3177 1631 3226 oratorum
1649 3180 1752 3226 tamen
1772 3162 1977 3247 eloquentiam
1994 3189 2058 3233 non

551 3249 738 3317 nationibus
752 3243 942 3330 quibusdam
954 3244 1134 3312 illustratur.
1178 3244 1285 3312 Exstat
1324 3266 1364 3331 po
1385 3246 1501 3325 ulclrat,
1536 3265 1593 3311 atst
1620 3249 1707 3312 illam
1731 3250 1842 3331 saltem
1866 3252 2038 3338 negligebat
2045 3279 2059 3334 ,-

554 3338 640 3403 inter
653 3334 788 3418 reliquas
802 3332 940 3399 audioris
952 3329 1284 3410 istiusdiffertationes,
1329 3336 1422 3397 immo
1435 3335 1609 3419 nccscmpcr
1621 3337 1653 3399 in
1670 3334 1831 3420 phrnfihus
1844 3340 1912 3419 sois
1930 3340 2060 3426 castiga·

555 3417 679 3505 Lipsiae
698 3422 792 3499 1699,
808 3438 840 3501 4.
864 3416 961 3484 editas
979 3438 1012 3503 p.
1033 3421 1189 3504 typfi’qq.
1234 3415 1285 3483 Est
1328 3436 1379 3483 tus
1400 3417 1439 3503 est
1448 3418 1538 3503 stilus
1555 3424 1638 3501 cius,
1658 3424 1863 3507 vocabulaqne
1887 3427 2062 3510 impropria

557 3528 635 3577 vero
657 3504 723 3573 hoc
745 3505 821 3571 loco
842 3502 928 3571 haud
952 3504 1166 3590 perfundorie
1179 3505 1284 3571 obser·
1328 3524 1421 3591 atquc
1435 3506 1573 3571 barbara
1586 3510 1768 3593 quandoque
1781 3514 1942 3595 uficrpat„
1965 3535 2064 3599 argu.

554 3592 720 3673 nandum,
758 3594 921 3678 optimum
945 3590 1070 3659 huncce
1090 3593 1284 3678 Hipponen-
1328 3596 1383 3658 ciis
1387 3594 1510 3676 propias
1515 3637 1529 3675 ,
1549 3614 1718 3679 vocumque
1734 3596 1929 3681 ullufionihus
1942 3604 2041 3665 utitur
2047 3626 2063 3681 ‚-

552 3676 835 3767 ssumpraesulem,
850 3700 1142 3760 avovsuruvu,
1163 3679 1285 3745 curiose
1327 3701 1377 3747 res
1390 3680 1692 3765 casdemfcequcnter
1703 3686 1822 3767 repetit,
1838 3686 2061 3770 eatlenqucra.

555 3772 593 3839 dt
606 3766 761 3835 subtiliter
773 3763 813 3832 de
832 3768 923 3833 rebus
939 3763 1058 3832 diuitiis
1081 3762 1286 3851 disputando,
1328 3766 1457 3831 tiocinia
1472 3768 1581 3830 centies
1593 3769 1626 3832 in
1631 3768 1754 3851 scriptis
1757 3772 1823 3849 stris
1836 3772 1976 3836 inculcat.
2005 3775 2062 3837 Ei-

554 3856 776 3945 ptincipiaque
790 3875 866 3919 cum
877 3849 1133 3920 conclusionibus
1142 3856 1286 3919 ritecon·
1328 3854 1396 3917 dem
1407 3854 1517 3917 mentis
1529 3856 1683 3939 conceptui
1696 3857 2065 3944 diutiusinhacret,quem

554 3940 727 4023 nollendo,
736 3938 1029 4029 systematieamque
1041 3938 1215 4025 quamdam
1229 3937 1286 4005 do·
1329 3941 1432 4006 variis
1446 3940 1544 4004 modis
1557 3940 1683 4026 affinior,
1707 3943 1746 4012 es
1758 3946 1790 4005 in
1804 3944 1882 4009 locos
1889 3968 2065 4012 communes

555 4025 1286 4111 cendirationemconsedandoaxemplumre·
1330 4047 1488 4091 excurrere
1490 4027 1579 4109 solet.
1622 4036 1812 4113 Argumenta
1836 4033 2001 4097 innumera
2022 4056 2063 4099 ox

554 4117 690 4207 liquiss'e,
706 4112 795 4203 quod
802 4112 951 4198 deinceps
959 4116 1163 4182 imitarentur
1173 4110 1288 4182 dolio·
1329 4114 1434 4200 aliquo
1443 4115 1597 4199 principio
1611 4115 1773 4202 coffrae,
1795 4138 1960 4204 corpusque
1973 4121 2065 4185 theo.

556 4228 604 4273 res
611 4203 799 4273 scholastici.
845 4197 946 4285 Quod
960 4223 1001 4267 ne
1013 4198 1287 4269 frustradixiffevi-
1330 4201 1476 4287 logicum,
1498 4218 1530 4265 rt
1543 4203 1590 4265 ita
1603 4202 1730 4285 loquar,
1742 4203 1910 4269 latinorum
1916 4222 2064 4290 patrum,

556 4289 708 4371 deamut,
723 4286 906 4356 iuuabithic
919 4291 1059 4368 recitare,
1073 4308 1155 4373 quae
1168 4285 1286 4355 deme-
1329 4290 1385 4373 qui
1397 4287 1463 4373 post
1483 4289 1577 4371 ipfisrn
1600 4291 1767 4370 vixerunt,
1789 4291 1967 4376 affirmauit.
2014 4296 2066 4361 Hi

557 4374 663 4446 thodo
672 4372 829 4455 docendi,
845 4398 907 4461 qua
921 4372 1011 4441 hicce
1024 4372 1286 4461 Hipponenfium
1322 4375 1472 4459 stquidctn
1487 4395 1525 4437 ex
1538 4375 1621 4439 illius
1636 4377 1722 4440 lihrit
1734 4398 1796 4441 non
1815 4396 1938 4444 tantum
1954 4378 2068 4463 house.

556 4463 682 4554 praesul
709 4461 779 4528 usus
802 4458 864 4543 est,
892 4484 1040 4529 uvoov.
1072 4482 1222 4529 erutus
1238 4482 1288 4527 ov
1332 4478 1406 4525 runt
1415 4461 1589 4544 principia,
1612 4464 1722 4547 quihus
1741 4464 1877 4547 vstflcnt,
1898 4468 2068 4549 fidetium

559 4572 633 4621 utu
648 4547 735 4615 hunc
749 4546 934 4616 inmodum
942 4552 1151 4635 pronuntiat:
1169 4548 1289 4632 Vſstatu
1324 4550 1503 4633 frequenter
1521 4550 1657 4614 eumcletn
1676 4571 1757 4614 mere
1776 4555 2067 4638 transscrrpfi‘runtp

558 4646 623 4718 eius
635 4635 839 4727 methodicen?
843 4680 856 4724 ,
864 4636 1031 4727 praeclara
1037 4636 1292 4731 principiapone.
1333 4653 1406 4713 nott.
1429 4633 1570 4708 hillioth.
1594 4641 1713 4709 nullor.
1742 4637 1891 4728 ecclcstast.
1910 4657 1985 4709 torn.
2003 4645 2071 4711 111.

1979 4748 2014 4815 p.
2022 4750 2069 4799 m.
