5259 5967
905 702 1385 784 PRAEFATIO.

427 855 662 938 scientiarum
679 857 828 938 historia
847 851 1110 942 concinnanda
1122 858 1281 944 studium
1295 858 1401 940 suurn
1423 859 1726 974 diligentiamque
1748 840 1864 943 collo:

399 1017 402 1020 .
427 979 581 1042 caruntt
630 978 765 1060 vtpcte
786 960 853 1072 qui
876 959 996 1061 probe
1018 959 1301 1051 intellexerunt,
1322 980 1502 1060 quantum
1523 959 1614 1042 lucis
1639 963 1730 1038 hinc
1752 964 1865 1041 rebua

427 1053 523 1158 ipsis,
536 1055 575 1135 δι
590 1055 813 1135 adornatiorr
826 1082 952 1142 ecrutn
967 1059 1178 1165 cognitioni
1192 1057 1423 1137 adfundatur.
1474 1056 1648 1156 Qtre&
1662 1059 1863 1139 vitiomilri

429 1155 525 1230 verti
538 1179 621 1235 non
636 1155 758 1258 posse,
778 1157 955 1251 arbitror,
978 1156 1084 1258 quod
1097 1158 1139 1235 in
1156 1158 1219 1237 ista
1234 1156 1452 1265 singularum
1467 1156 1683 1257 theologiae
1703 1160 1864 1263 partium

425 1253 577 1339 historia
597 1253 722 1356 paullo
743 1252 875 1348 fusior,
898 1255 1160 1359 copiosiorque
1183 1255 1326 1337 fuerim
1410 1254 1454 1335 ld
1472 1254 1574 1333 enirn
1595 1278 1654 1330 ret
1673 1254 1748 1363 ipst
1770 1256 1863 1336 mihi

423 1352 608 1454 postulare
621 1349 691 1431 visa
705 1354 781 1437 ent
818 1352 1086 1455 siquidemhuc
1157 1380 1205 1430 ue
1226 1379 1360 1445 nemo,
1386 1373 1565 1457 quantum
1587 1353 1679 1432 mihi
1698 1356 1860 1451 comitr,

424 1450 577 1541 exstitit,
593 1450 659 1553 qui
673 1451 789 1529 totius
803 1451 1026 1554 theologiae,
1041 1380 1335 1566 suffiuntque
1351 1453 1429 1531 eius
1441 1453 1619 1560 partium,
1634 1476 1688 1546 ea,
1702 1454 1827 1562 quaid
1841 1481 1861 1536 a

425 1573 488 1628 me
501 1547 647 1638 facium,
661 1552 817 1644 ratione,
831 1549 903 1631 fata
917 1552 1135 1634 exhibuerit.

535 1648 702 1729 Fuerunt
714 1648 890 1755 equidem
903 1648 973 1731 viri
987 1649 1102 1753 longe
1114 1649 1410 1753 praestantissimi,
1424 1649 1491 1754 qui
1504 1672 1565 1730 aut
1578 1651 1686 1731 vnius
1694 1651 1857 1731 alterins-

426 1768 502 1848 que
516 1748 629 1848 partit
645 1748 833 1828 luston'am
844 1745 1048 1837 dederunt,
1068 1768 1130 1827 aut
1142 1747 1238 1827 vatia
1252 1747 1529 1851 congesserunt,
1548 1774 1642 1853 quae
1654 1750 1743 1831 huic
1754 1749 1856 1828 insti-

423 1866 510 1923 tuto
526 1869 612 1923 meo
626 1846 849 1937 infernmum
875 1871 1040 1952 quorum
1049 1848 1157 1923 etiam
1170 1844 1295 1923 inhoc
1303 1872 1440 1951 genere
1453 1848 1581 1927 merita
1589 1869 1734 1926 tantum
1749 1851 1856 1943 abest,

425 1967 467 2024 vt
481 1945 786 2041 dissunulauerim,
801 1969 842 2024 vt
853 1945 1074 2050 ampliflimis
1089 1946 1217 2049 potius
1232 1946 1562 2027 condecorauerinr
1574 1948 1747 2027 laudibus.
1800 1952 1855 2031 Vt

424 2067 548 2123 autem
565 2044 695 2127 cundia
707 2045 748 2121 in
763 2071 879 2123 vnum
889 2044 992 2125 coire
1006 2044 1172 2127 iuberent
1181 2067 1328 2158 corpus,
1342 2044 1431 2126 &in
1439 2045 1613 2128 ordinent
1621 2048 1856 2131 concinnunt

424 2143 675 2248 disponerem,
716 2142 1013 2247 uacue,vtplena
1021 2142 1239 2223 narrationis
1248 2144 1347 2224 istius
1356 2142 1466 2228 facies
1474 2144 1675 2249 adpareret,
1689 2145 1855 2244 deerant,

426 2242 653 2352 supplerem
676 2171 718 2320 id
732 2245 928 2321 enimuero
942 2241 1033 2319 mihi
1051 2239 1217 2319 relidunt
1265 2242 1375 2319 utaui.
1433 2241 1606 2321 Diuersus
1621 2245 1730 2323 etiam
1746 2245 1855 2324 hicce

426 2367 532 2423 meus
548 2344 654 2422 labor.
665 2344 718 2420 est
733 2346 777 2421 ab
793 2343 941 2423 illorum
955 2339 1138 2433 instituto,
1153 2341 1218 2442 qui
1235 2269 1426 2433 iibtorum,
1438 2340 1648 2455 theologiae
1660 2345 1782 2425 studio
1792 2345 1853 2431 ine

424 2440 677 2538 seruientium,
693 2442 865 2521 notitiam
878 2439 1113 2545 suppeditant
1126 2470 1137 2527 ;
1162 2440 1267 2547 quod
1282 2439 1405 2519 nostre
1418 2460 1532 2519 aetate
1546 2466 1647 2520 viror
1660 2441 1852 2545 quosdam,

423 2542 467 2624 in
491 2542 581 2625 enio
593 2540 633 2625 δι
646 2541 858 2621 eruditione
871 2539 1162 2632 florentissimos,
1174 2563 1303 2643 magna
1317 2562 1403 2614 cum
1417 2538 1523 2629 laude
1534 2539 1676 2636 fecitte,
1691 2544 1853 2641 nemini,

456 2641 574 2749 'iqui
587 2637 774 2753 hospitem
788 2664 836 2717 ex
850 2636 949 2719 hisce
960 2637 1093 2719 litteris
1107 2638 1233 2721 retulit
1245 2636 1428 2729 animum,
1449 2637 1621 2816 ignotum
1637 2640 1707 2718 else
1719 2642 1851 2748 potest

424 2738 589 2821 Tametfi
608 2762 712 2819 emrn
725 2762 767 2821 ea
780 2736 951 2819 historice
969 2734 1162 2818 litterariae
1174 2761 1274 2841 pars,
1305 2758 1400 2837 quae
1408 2735 1458 2911 iip
1474 2759 1575 2815 arum
1594 2739 1725 2819 artium
1740 2761 1852 2845 atque

425 2839 660 2921 scientiarum
673 2835 745 2915 fata
758 2834 906 2940 pandit,
926 2833 1116 2913 ardlilsnno
1128 2833 1279 2915 vinculo
1300 2859 1388 2913 cum
1447 2860 1484 2926 a,
1504 2861 1597 2937 quae
1617 2838 1851 2920 eruditorum

424 2939 624 3021 hominum
644 2957 888 3013 monumenta
908 2933 1092 3025 recenset,
1113 2933 1151 3012 ἃ
1166 2960 1261 3036 quae
1281 2933 1328 3010 de
1344 2932 1388 3009 iis
1403 2932 1597 3013 obseruatu
1617 2937 1726 3038 digna
1747 2937 1849 3032 litut,

424 3056 579 3130 enarrat,
596 3034 794 3115 coniundla
809 3033 868 3119 stt,
895 3057 975 3109 non
989 3057 1112 3110 tamen
1125 3035 1234 3136 plane
1249 3032 1376 3115 eadem
1390 3032 1458 3120 est,
1481 3029 1542 3108 sed
1558 3036 1666 3113 altera
1682 3038 1725 3113 ab
1740 3038 1849 3115 altera

425 3136 567 3231 differt,
589 3135 794 3239 &vtraque
808 3129 911 3235 quod
961 3158 1004 3208 ro
1032 3133 1127 3209 rium
1143 3133 1206 3210 fibi
1225 3156 1267 3208 ac
1278 3131 1461 3239 peculiare
1478 3130 1536 3217 fit,
1551 3131 1669 3211 habet.
1733 3136 1849 3215 Pluri-

425 3262 545 3326 mum,
560 3234 698 3326 fateor,
711 3159 978 3337 posteriorjha
1030 3230 1171 3308 ‘storioe
1191 3231 1384 3309 litterariae
1397 3254 1479 3333 pars
1495 3231 1661 3323 confert,
1687 3255 1727 3311 vt
1743 3235 1850 3339 prior

423 3326 521 3413 recle*
532 3330 770 3438 procedat'sa
819 3329 931 3407 ilhme
958 3353 1006 3406 ue
1022 3329 1115 3406 adeo
1131 3330 1312 3410 illorum-a
1327 3353 1387 3405 me
1402 3328 1490 3405 sabla
1504 3330 1557 3407 est
1569 3330 1732 3430 mentio,
1750 3357 1847 3438 quo-

425 3460 508 3511 rum
523 3430 701 3509 indefell'o
715 3432 770 3507 stu
797 3455 836 3508 ro
854 3453 895 3503 ac
913 3359 1037 3505 ldhore
1054 3453 1100 3503 eo
1116 3453 1232 3530 vsque
1250 3427 1367 3507 hodie
1389 3426 1540 3505 dedusla
1557 3430 1624 3517 est,
1637 3451 1679 3507 vt
1691 3456 1847 3535 proper

371 3576 378 3588 .
420 3531 502 3610 fasti
528 3530 566 3606 io
583 3529 695 3607 abesse
709 3528 893 3618 videatur,
918 3526 942 3602 li
957 3527 1075 3603 modo
1089 3525 1268 3631 fastigium
1281 3526 1406 3605 animo
1421 3526 1621 3640 concipere
1634 3531 1758 3624 liceat,
1782 3530 1846 3610 vbi

421 3654 533 3709 nouis
547 3626 620 3705 sem
649 3653 690 3704 er
702 3628 808 3707 locus
822 3628 875 3708 est
896 3625 1181 3711 accessionibust
1208 3623 1303 3703 illius
1323 3625 1473 3701 interim
1492 3649 1617 3702 mmor
1637 3628 1737 3709 forte
1758 3628 1846 3709 esset

419 3730 564 3821 vtilitaa,
579 3655 646 3807 nih
659 3726 700 3802 in
714 3725 833 3819 huius,
848 3749 942 3829 quae
955 3723 1113 3829 ipsarum
1127 3724 1259 3804 artium
1273 3750 1314 3802 ae
1326 3722 1558 3803 scientiarum
1576 3722 1647 3804 fata
1662 3727 1844 3820 describit,

419 3826 637 3915 ‚traslatione
652 3823 935 3930 conspiceretur.
986 3823 1141 3926 lnfignia
1154 3822 1283 3924 vtique
1297 3844 1408 3925 atque
1421 3823 1563 3925 egregia
1577 3819 1671 3917 sunt,
1687 3850 1779 3927 quae
1795 3850 1842 3901 ex

422 3929 493 4004 hac
512 3927 557 4003 ad
576 3948 702 4004 rerum
723 3919 877 4036 ipsarum
904 3923 1161 4025 cognitionem
1181 3920 1409 4015 redundant,
1431 3922 1649 4008 commoda;
1687 3946 1728 4000 vt
1749 3922 1841 3999 adeo

422 4024 630 4117 mirumst,
650 4021 935 4127 pauc1oresfere
956 4021 1140 4112 exstitisse,
1165 4020 1230 4122 qui
1244 4021 1284 4096 in
1299 4046 1342 4097 ea
1356 4018 1576 4110 excolenda,
1597 4046 1706 4122 quarn
1721 4021 1787 4136 qui
1800 4023 1842 4098 in

419 4124 602 4200 librorum
615 4120 792 4199 tradenda
805 4123 956 4209 notitia,
978 4121 1217 4198 elaborarunt.
1274 4116 1393 4221 ldque
1409 4121 1520 4199 etiarn
1544 4128 1591 4194 'eo
1610 4121 1742 4198 action
1765 4122 1843 4199 ani-

419 4248 524 4299 mum
540 4245 664 4296 meum
684 4218 852 4298 incitauit
871 4221 1034 4312 stimulO,
1058 4241 1097 4296 vt
1117 4218 1257 4295 hancce
1272 4242 1342 4315 per
1353 4242 1485 4304 omnes
1499 4217 1706 4321 theologiae
1721 4244 1845 4326 partes

418 4323 531 4426 plene
545 4319 583 4397 ἂ
597 4319 685 4396 iusta
699 4316 808 4411 serie,
828 4343 1008 4419 quantum
1028 4317 1185 4395 instituti
1200 4317 1274 4392 mei
1295 4340 1357 4396 aut
1396 4315 1583 4408 ostulauit,
1602 4339 1663 4398 aut
1681 4308 1844 4423 permisit

418 4418 526 4509 ratio,
540 4418 707 4494 exhiberi
722 4416 913 4496 adniterer.
989 4420 1042 4495 lta
1054 4440 1145 4493 vero
1159 4415 1199 4490 in
1213 4415 1334 4505 istave
1368 4438 1445 4495 atus
1465 4413 1544 4517 sum
1558 4418 1844 4497 commentatio·

418 4542 489 4610 ne,
516 4538 556 4591 vt
569 4542 650 4593 non
665 4537 809 4594 tantum
826 4515 953 4595 eundo
967 4542 1036 4620 per
1048 4515 1175 4592 omnia
1186 4512 1323 4592 saecula
1337 4517 1382 4594 ad
1397 4516 1518 4593 nostra
1532 4540 1649 4619 vsque
1663 4537 1843 4621 tempora,

417 4640 513 4718 quae
529 4615 570 4689 in
585 4615 704 4693 hocce
725 4615 912 4692 doeirinae
934 4639 1089 4719 genere,
1109 4613 1331 4716 fingulisque
1348 4616 1426 4691 eius
1515 4615 1645 4713 itibus,
1675 4615 1845 4717 contige-

415 4737 508 4797 runt
520 4714 757 4809 mutationes,
771 4713 1303 4817 enarrarem,praecipuosque
1319 4711 1423 4796 smol
1434 4739 1481 4795 au
1541 4739 1618 4811 tes,
1633 4736 1846 4895 'eonpmpue

396 4888 399 4893 ,
1497 4842 1501 4851 ’
1656 4828 1669 4889 ’.
1732 4830 1850 4925 cripta
