5259 5967
539 712 608 767 ,ιο
825 686 959 765 trrar
979 695 1193 767 raroars
1213 691 1390 763 carvr
1418 686 1679 783 Quaerunt

538 796 1947 831 Qum-„W

541 848 787 933 nunt‚reliquis
801 845 872 913 sunt
911 847 1094 916 raeserendi.
1139 846 1279 931 Qraede
1322 842 1455 932 aliquid,
1469 842 1558 932 quod
1573 866 1592 910 a
1608 843 1939 935 sensuillorumatque

541 938 608 1001 vita
622 868 1107 1023 moribusquephiiosophorum
1116 932 1277 1017 dicuntur,
1322 932 1448 1020 prorsus
1465 935 1607 1001 alienum
1623 928 1675 997 eh.
1720 933 1787 999 l'ari
1803 939 1929 1001 ratione

541 1025 679 1087 minime
687 1019 818 1106 quidem
825 1020 899 1088 sunt
910 1020 1167 1099 contemnendae
1188 1044 1278 1110 prae·
1320 1022 1377 1105 qui
1395 1022 1498 1084 nimio
1511 1014 1614 1084 lindio
1623 1017 1832 1106 philosophos
1847 1042 1903 1087 aut
1914 1026 1947 1088 in

539 1110 651 1175 sertim
666 1105 688 1174 fi
702 1107 769 1193 ipsa
780 1105 931 1195 dogmata
944 1113 1048 1177 lucem
1055 1108 1174 1177 indtca
1198 1113 1276 1175 iant.
1321 1125 1462 1175 aureum
1477 1106 1629 1191 scriptura
1653 1106 1753 1187 sarra,
1776 1109 1947 1174 conciliant

542 1198 644 1281 Saepe
651 1212 760 1261 tamen
774 1198 809 1259 in
823 1197 908 1263 hisce
926 1200 998 1283 plus
1010 1196 1055 1265 est
1068 1200 1158 1263 curio
1169 1200 1277 1276 itatis,
1322 1197 1456 1272 borant,
1479 1194 1821 1279 quosquesynrreristns
1836 1194 1947 1280 philost

543 1304 644 1368 quam
658 1284 814 1349 utilitatis.
860 1283 997 1366 Deinde,
1012 1306 1108 1371 opera
1119 1282 1235 1364 danda,
1243 1300 1279 1348 vt
1323 1279 1507 1433 adpellitare
1528 1279 1653 1360 solent,
1675 1301 1790 1368 magna
1814 1281 1904 1367 saepe
1919 1306 1947 1350 ca

543 1370 649 1457 ipsum
671 1373 826 1456 cuiusque
846 1369 1031 1458 philosophi
1059 1370 1207 1438 adcurate
1229 1374 1279 1436 in·
1323 1369 1356 1435 hi
1387 1371 1489 1433 oriam
1504 1364 1763 1453 philosophicam
1774 1372 1909 1454 replent.

543 1456 767 1542 trospiciamus
784 1456 936 1545 systema,
950 1462 1001 1541 &,
1014 1480 1096 1545 quae
1115 1482 1190 1526 cum
1221 1459 1279 1525 illo
1325 1453 1503 1521 eninrhaud
1516 1475 1587 1535 raro
1603 1476 1658 1519 eos
1677 1459 1759 1521 inter
1773 1456 1802 1522 se
1817 1459 1947 1524 concili:

545 1548 757 1623 conueniant,
773 1562 907 1611 autnon
917 1550 1127 1628 conueniant,
1137 1542 1280 1612 conside-
1325 1546 1402 1622 lint,
1425 1545 1480 1627 qui
1496 1564 1528 1607 re
1542 1545 1707 1608 verninter
1722 1544 1752 1609 se
1771 1541 1942 1613 dissentiun

542 1653 665 1698 remus.
708 1633 820 1717 Longe
831 1635 877 1696 ita
890 1632 1053 1699 lirciliusin
1060 1636 1213 1701 veram&
1228 1654 1280 1720 ge·
1324 1632 1416 1697 aliter
1432 1632 1559 1714 nequit,
1569 1650 1666 1714 quam
1680 1649 1714 1695 vt
1731 1632 1947 1699 alterutrintm

546 1720 683 1783 numam
695 1717 966 1805 philosophorum
980 1742 1125 1789 mentem
1135 1740 1281 1808 penetra·
1324 1734 1515 1805 peruerrant.
1562 1718 1672 1795 Sic&,
1690 1739 1885 1784 cumeorum
1901 1744 1947 1788 cur

546 1825 632 1870 mus.
676 1805 754 1870 Hoc
769 1810 825 1891 qui
843 1808 1029 1893 negligunt,
1053 1810 1143 1895 saepe
1156 1829 1217 1895 pro
1229 1810 1280 1873 lu·
1326 1824 1418 1891 ptura
1435 1803 1523 1869 sacra
1544 1804 1732 1870 consensum
1756 1804 1947 1875 demonstrat

548 1913 638 1956 none
653 1894 752 1957 nubes
765 1892 923 1977 prensant.
975 1898 1160 1983 Negligitur
1173 1914 1282 1961 tamen
1327 1896 1409 1969 lunt,
1428 1892 1616 1977 plerumque
1638 1909 1693 1956 aut
1705 1891 1822 1972 huius,
1849 1914 1903 1960 aut
1924 1899 1945 1961 il

547 1980 1281 2069 aplerisque.hhhiquidemidpraecipuecon-
1325 1978 1448 2046 sensum
1473 1997 1698 2063 corrumpunt.
1763 1978 1882 2047 llluslre
1903 1983 1946 2048 hu

548 2065 698 2133 stitutum
715 2070 752 2131 in
769 2068 972 2134 delineatione
989 2069 1134 2154 sansoniae
1151 2070 1283 2155 philostr·
1327 2066 1509 2152 exemplum
1536 2063 1622 2132 dedit
1638 2088 1690 2133 ro.
1712 2087 1947 2151 zrrsounvs,

544 2152 668 2239 plicae,
680 2174 778 2237 quam
789 2154 943 2219 elementis
952 2154 1160 2241 pbilofirpbiae
1172 2156 1282 2244 instru-
1326 2156 1480 2220 berrimus
1493 2151 1660 2237 quondam
1682 2151 1861 2221 academiae
1876 2156 1947 2223 huit

548 2240 696 2305 mentalis
711 2236 866 2326 praemisi.
911 2244 1016 2310 Caute
1028 2245 1152 2312 vero&
1165 2242 1216 2309 hic
1233 2245 1283 2308 in·
1326 2239 1539 2325 losrphus,in
1552 2243 1693 2305 traslatu
1706 2241 1742 2302 de
1761 2240 1932 2327 Aristotelis

547 2323 741 2406 cedendum,
758 2348 861 2413 neque
868 2328 1124 2412 existimandum,
1140 2329 1284 2417 philoso·
1326 2330 1405 2413 quae
1418 2348 1456 2389 cx
1478 2326 1592 2391 lumine
1604 2343 1747 2397 ¹naturae
1762 2330 1947 2412 innonfiunr

575 2411 635 2479 hos
647 2413 771 2498 semper
782 2412 914 2501 systema
928 2416 1018 2482 suum
1032 2421 1077 2483 ita
1085 2438 1159 2485 ante
1172 2418 1285 2483 oculos
1318 2414 1720 2499 scripturafiacmonsenfir,
1733 2416 1775 2499 ab
1791 2437 1947 2503 enqneapp

596 2502 680 2581 bere,
692 2518 727 2564 vt
742 2502 871 2585 ubique,
880 2524 962 2588 quae
970 2506 1016 2569 illi
1025 2505 1214 2583 consonent,
1222 2520 1284 2567 tra·
1326 2502 1461 2586 dffnfiq
1481 2503 1535 2585 qui
1545 2503 1661 2566 iterum
1670 2522 1722 2566 an.
1734 2508 1817 2584 1667
1832 2507 1867 2569 in
1879 2525 1912 2587 4.
1930 2528 1947 2591 p

552 2584 643 2653 alant.
708 2588 904 2675 contingere
931 2612 1073 2677 namque
1101 2590 1225 2677 potest,
1246 2606 1282 2656 vt
1326 2592 1366 2653 ln
1381 2584 1508 2672 singulis
1523 2590 1611 2653 enim
1626 2589 1723 2668 locis,
1747 2591 1781 2653 in
1801 2594 1947 2675 quibusr

551 2668 806 2761 praestantissimi
821 2678 936 2755 etiam,
953 2680 987 2744 ἃ
1005 2682 1060 2763 qui
1073 2680 1194 2765 ingenii
1208 2698 1284 2742 acu·
1328 2676 1399 2741 telis
1411 2696 1485 2739 cum
1499 2672 1648 2759 scriptura
1663 2675 1748 2741 sacra
1768 2678 1947 2745 consensun

552 2764 644 2827 mine
656 2762 738 2827 alios
753 2761 854 2846 longo
869 2761 941 2847 poll
951 2764 981 2829 se
994 2766 1182 2852 relinquunt
1189 2766 1285 2829 inter·
1329 2782 1399 2829 cere
1408 2758 1580 2841 adnititur,
1595 2764 1681 2829 illius
1692 2765 1734 2827 ita
1743 2769 1941 2847 peruertitac

551 2847 655 2925 uallo,
669 2848 826 2927 labantur,
839 2850 1108 2939 immemoresque
1133 2851 1181 2918 sui
1194 2848 1286 2939 systt-
1330 2866 1406 2935 quet
1420 2864 1581 2923 mentem,
1599 2868 1635 2914 vt
1650 2872 1720 2914 non
1735 2866 1801 2915 tam
1817 2856 1947 2939 peripan

553 2935 660 3011 matis,
673 2935 750 2999 talia
761 2933 898 3015 scribant
910 2982 922 3017 ‚
937 2958 1018 3023 quae
1035 2959 1103 3004 non
1117 2938 1191 3004 satis
1203 2942 1285 3004 inter
1329 2938 1420 3003 illum
1428 2930 1668 3020 philosophum,
1677 2958 1774 3022 quam
1783 2936 1947 3028 theologur

552 3019 586 3086 se
598 3016 779 3087 cohaerent.
846 3022 963 3089 Cume
1001 3044 1023 3087 o
1041 3022 1220 3105 dubitatur,
1243 3044 1286 3089 an
1330 3021 1484 3101 stianum,
1504 3042 1640 3173 eumpuc
1661 3021 1900 3109 orthodoxum,
1916 3027 1947 3095 dr

553 3103 674 3259 dopma
686 3106 818 3192 aliquod
825 3107 984 3259 philosop
1009 3107 1286 3180 otribuendumsrt
1331 3108 1521 3193 theologicis
1542 3106 1574 3175 di
1601 3129 1760 3190 erentetn,
1783 3113 1947 3183 introduct

551 3192 593 3279 sy
618 3192 822 3260 emarietonfi
847 3200 947 3262 erario
955 3199 1131 3282 plurimum
1178 3196 1287 3265 uidem
1331 3195 1453 3262 deutur.
1475 3192 1535 3263 sed
1551 3196 1642 3282 plura
1657 3219 1725 3263 non
1739 3198 1841 3281 addo,
1866 3224 1943 3269 cum

553 3282 660 3360 valet,
679 3297 715 3346 rt
737 3280 984 3365 concludamus,
1000 3306 1035 3350 ea
1049 3286 1140 3353 illum
1178 3305 1287 3364 orere,
1331 3281 1440 3349 stiruto
1457 3282 1557 3349 hocce
1569 3304 1793 3369 argumentum
1809 3290 1947 3358 tractant

552 3368 1076 3524 lltsfflilll‘lllllll’
1090 3368 1287 3527 lllltlll
1330 3366 1947 3544 llll-llll?llltlpl‘lt’)

555 3478 764 3627 nonpsemper
778 3480 855 3612 hocP
857 3508 1024 3629 procedit,
1041 3506 1186 3634 nihilque
1205 3503 1288 3612 rideri
1328 3480 1722 3645 pbilnhpbicoqgeneratiin
1739 3490 1899 3633 exponitt)
1911 3553 1942 3617 al

553 3628 676 3709 obstat,
689 3628 711 3697 sr
725 3632 805 3697 aliae
818 3636 954 3698 rationes
969 3630 1033 3698 hoc
1040 3633 1207 3714 suadeant,
1221 3654 1288 3720 quo
1331 3632 1545 3699 contestatione
1559 3631 1809 3717 pbilosophorum
1830 3659 1899 3702 curn
1907 3642 1947 3721 fia

557 3716 956 3785 minueretlinsinterdum
964 3717 1082 3806 dogma
1093 3722 1140 3787 illi
1148 3724 1288 3808 impute-
1324 3720 1436 3801 sacru
1457 3722 1549 3785 tertia
1564 3717 1767 3805 denique,de
1778 3726 1947 3791 conciliarit

556 3820 622 3881 tur,
638 3802 726 3888 quod
735 3826 809 3870 curn
818 3808 884 3871 eius
893 3826 962 3869 non
970 3808 1063 3890 plane
1072 3805 1288 3894 consentitsy-
1333 3805 1521 3889 esophorum
1529 3808 1610 3869 inter
1615 3810 1650 3889 se
1656 3852 1667 3888 ‚
1682 3812 1747 3895 agit
1758 3812 1792 3873 in
1805 3812 1944 3893 obstruat

555 3888 701 3957 stemate.
744 3892 821 3957 Hoc
834 3894 888 3975 qui
902 3912 971 3957 non
983 3895 1173 3973 obstruant,
1189 3897 1290 3959 multa
1324 3893 1443 3975 filellis
1456 3894 1501 3956 ad
1506 3914 1570 3955 rem
1583 3893 1771 3958 litterariam
1768 3898 1947 3982 spellanrib.

557 3982 651 4064 saepe
672 3979 819 4059 turbant,
837 3976 1099 4068 philosophisque
1121 3976 1289 4069 adfingunt
1333 3984 1392 4045 111.
1407 3979 1468 4062 obst
1477 3984 1550 4045 XII.
1564 3984 1654 4046 XIII.
1670 3986 1753 4047 XIV.
1760 4002 1793 4067 p.
1801 3998 1861 4063 215.
1862 3990 1947 4075 fiqq.

667 4129 698 4200 5.
723 4115 857 4192 XXlll.
886 4113 1055 4215 Superest
1074 4114 1182 4191 tertia
1201 4138 1312 4216 atque
1333 4115 1456 4191 vltima
1483 4138 1565 4218 pars
1587 4115 1940 4217 propaedeumatum

559 4208 810 4315 philosophia,
825 4237 937 4313 quam
952 4210 1084 4289 streele
1097 4211 1293 4316 sobrieque
1314 4214 1497 4303 traeletur,
1513 4212 1646 4312 ingens
1660 4214 1698 4292 ar
1711 4216 1938 4318 praesidium,

560 4331 779 4386 namentum
797 4308 986 4385 doelrinae
999 4311 1230 4411 theologicae
1243 4309 1398 4405 adferre,
1416 4336 1587 4423 armaque
1603 4337 1684 4388 non
1703 4315 1883 4394 tantums

562 4433 616 4499 re,
630 4407 764 4506 quibus
777 4408 919 4505 veritas,
933 4434 980 4484 ex
993 4408 1097 4488 saeris
1104 4410 1234 4490 litteris
1242 4411 1373 4502 hausta,
1391 4408 1543 4485 defendi
1561 4434 1691 4489 contra
1698 4413 1947 4496 dissentientes

561 4506 640 4597 nis,
654 4525 765 4607 atque
780 4504 930 4582 sortiter
940 4532 988 4611 pr
1039 4510 1167 4612 ugnari
1186 4533 1316 4611 queam
1339 4508 1402 4587 sed
1415 4508 1460 4586 ad
1481 4508 1592 4622 ipsam
1614 4536 1768 4613 quoque
1787 4511 1947 4618 scriptur

563 4602 1009 4713 eramreileinterpretan
1096 4608 1258 4709 ,cunila
1276 4608 1440 4715 denique
1463 4606 1631 4692 distinele
1650 4610 1686 4694 ἃ
1707 4610 1947 4718 perspicue<
