5259 5967
551 709 615 775 522
726 703 729 709 '
797 686 934 757 LIBRI
963 686 1307 758 POSTERIORlS
1345 685 1516 753 CAPVT
1548 683 1789 753 TERTIVM

555 790 2074 819 ...m—*w*
2105 801 2115 817 ι

550 837 826 923 gis,qieemrerum
838 837 1033 925 mici‘eleseffe
1046 839 1189 920 cenftbet.
1213 836 1293 902 Nol·
1337 837 1485 913 suerunt,
1503 832 1623 900 diluere
1640 829 1806 897 adnititur.
1858 847 2078 896 auronius

558 924 641 1003 siem,
663 922 915 1011 outAriflotelis,
937 941 994 988 aiot
1004 924 1217 1004 Archimedis,
1239 940 1295 991 ant
1340 942 1552 1001 tristitiis,
1569 924 1604 985 in
1615 919 1814 1005 praefatione
1826 935 1920 984 antea
1936 916 2074 997 laudata,

559 1012 772 1095 cuiuscumque
785 1011 844 1092 fieb
869 1011 950 1076 coelo
972 1014 1154 1097 ingenium,
1177 1012 1296 1076 dicebat
1339 1009 1476 1077 dehisce
1498 1008 1640 1072 uindiciis
1656 1010 1700 1071 iti
1714 1006 1931 1093 pronuntiat:
1955 1004 2077 1071 Placuit

560 1097 860 1183 ocqiialeAugullini
867 1121 879 1175 ,-
905 1100 944 1169 ω’
952 1099 1040 1163 caleo
1050 1106 1113 1163 Deo
1120 1101 1297 1182 falsumne
1339 1118 1401 1163 non
1416 1096 1568 1160 immerito
1583 1094 1623 1159 iis
1636 1096 1718 1158 inter
1732 1090 1947 1177 evangelicos,
1968 1094 2076 1191 quibat

560 1182 676 1267 asclepii
691 1183 833 1264 liabetur,
856 1184 1297 1271 qaemsohtiliffimaeomniiem
1339 1182 1568 1271 estAugustiniis
1577 1182 1609 1245 in
1617 1178 1789 1266 pretio,hic
1795 1180 1928 1245 dolionis
1938 1178 2074 1277 papistrcr

560 1270 751 1356 Pelagionac
763 1270 879 1353 borecli
888 1292 1062 1356 opponeret,
1080 1274 1130 1335 coi
1143 1270 1234 1338 ullietn
1248 1292 1294 1335 ce·
1320 1324 1322 1329 .
1340 1270 1478 1349 condor,
1506 1268 1604 1332 mulia
1619 1287 1635 1332 e
1646 1268 1771 1353 scri'pris
1781 1268 1913 1351 ficorum
1922 1265 2074 1353 fingulm

562 1371 700 1420 cetorum
714 1360 895 1439 fitnllornm
913 1376 1043 1443 potrum
1062 1360 1196 1446 negabat
1204 1358 1298 1447 fuiffe
1341 1356 1502 1443 diligentia
1515 1355 1699 1442 colligentis,
1718 1373 1796 1438 quae
1805 1352 1971 1437 plerosque
1984 1354 2078 1419 &rent

558 1462 680 1529 parem.
747 1446 854 1509 Tanto
869 1448 978 1530 itaque
990 1468 1101 1513 amore
1115 1468 1189 1513 cuin
1210 1465 1298 1511 ian·
1342 1446 1437 1511 eiiam
1457 1442 1637 1513 eruditiores
1649 1487 1661 1523 ,
1693 1440 1802 1525 quibos
1822 1459 1885 1504 non
1905 1440 2076 1505 conceditur

564 1550 710 1597 snuivs
728 1530 936 1617 prosequutus
949 1529 986 1597 sit
1008 1552 1299 1611 aucturus-nte
1344 1530 1449 1599 omnia
1454 1530 1559 1616 partit
1570 1529 1765 1610 adueffiariae
1773 1528 1888 1611 scripu
1909 1524 1961 1593 rel
1973 1548 2074 1607 emere,

564 1619 687 1684 mitum
698 1639 769 1683 noti
782 1616 844 1696 est,
858 1619 912 1683 vbi
926 1614 978 1683 hic
989 1622 1123 1701 errauit,
1138 1620 1231 1685 illuni
1247 1620 1298 1685 iti·
1344 1616 1679 1704 scientiaomnium
1694 1614 1731 1679 ob
1740 1616 1837 1700 pretii
1852 1614 1997 1696 maioris,
2005 1634 2075 1699 par·

564 1700 640 1769 deni
654 1724 729 1769 cuin
744 1700 825 1771 duce
837 1702 895 1771 suo
909 1704 1029 1772 errasse.
1093 1704 1194 1789 Qtod
1210 1710 1245 1771 iii
1260 1708 1299 1770 iis
1343 1698 1956 1789 timobtemporislireoiffonicaritatem.
1991 1703 2073 1767 Cum

564 1788 697 1871 sadum,
711 1793 765 1856 vbi
783 1794 917 1877 gratiani
932 1792 992 1859 Dei
1007 1790 1240 1874 irresistibilem,
1252 1794 1299 1873 &,
1343 1807 1450 1859 autem
1463 1810 1652 1857 uotisivs
1675 1785 1822 1855 eamdem
1837 1808 1915 1855 cuin
1937 1810 2008 1855 iau
2018 1810 2075 1855 sr-

588 1897 649 1943 uae
663 1874 738 1943 hinc
757 1872 890 1957 fluunt,
913 1876 1049 1947 stabilite
1067 1898 1227 1960 conatur,
1251 1882 1299 1945 vti
1344 1899 1415 1947 uio
1441 1880 1528 1943 viam
1543 1874 1775 1963 ingrederetur3
1796 1876 1920 1941 mirum
1940 1896 2009 1943 non
2026 1870 2076 1953 ell,

566 1896 669 2031 dubio
684 1981 792 2044 catet,·
815 1968 861 2029 ita
876 1967 910 2030 iii
927 1966 995 2031 aliis
1009 1986 1139 2053 quoque
1153 1962 1300 2035 ecclesiae
1343 1963 1527 2043 nonnullis,
1556 1963 1720 2049 speciatim
1733 1962 1880 2028 societati
1895 1962 1961 2027 lesu
1987 1960 2074 2063 addi-

566 2048 1174 2121 romanaedccretisfitmiteradhaeret.
1217 2054 1299 2118 Non
1345 2052 1421 2131 slis,
1444 2048 1534 2119 hasce
1548 2047 1703 2117 vindicias
1727 2051 1945 2135 maximopere
1966 2048 2073 2135 displi-

565 2138 675 2222 itaque
690 2142 801 2205 omnia
814 2142 850 2204 in
865 2160 961 2224 opere
975 2136 1076 2207 hocce
1096 2162 1172 2208 iiiu
1183 2159 1300 2207 sruii
1345 2136 1439 2206 ruisse
1455 2182 1465 2217 ,
1488 2140 1544 2223 qui
1560 2140 1593 2205 &
1606 2138 1801 2213 effecerunt,
1823 2156 1859 2201 vt
1875 2138 1952 2203 liber
1969 2136 2067 2215 hicce,

567 2226 761 2311 probamus,
782 2226 1300 2314 nectamenomniarcpudiamus,
1346 2222 1466 2295 etiamsi
1494 2225 1657 2311 supremae
1683 2218 1900 2309 inquisitionis
1927 2241 2073 2289 romanae

567 2314 648 2397 quin
663 2315 771 2398 potius
786 2314 889 2379 inulta
903 2314 1079 2399 praeclara,
1109 2314 1301 2403 prorsusque
1344 2312 1474 2381 decreto
1482 2355 1495 2393 ,
1517 2329 1689 2397 antequam
1702 2310 1903 2395 vulgaretur,
1925 2312 2074 2397 probatus

568 2404 692 2485 egregia
712 2401 852 2465 veritatis
867 2402 901 2465 in
924 2420 964 2467 eo
979 2421 1145 2468 occurrere
1160 2398 1301 2467 testimo·
1344 2396 1622 2480 esseqsecundum,
1632 2402 1736 2463 immo
1750 2400 1882 2463 tertium
1897 2399 2077 2463 examiniac

539 2536 543 2545 .
568 2486 635 2565 nia,
651 2487 795 2553 lubentes
809 2484 955 2554 fatemur.
999 2488 1099 2554 Leslu
1114 2488 1301 2572 cumprimis
1346 2484 1495 2554 censurae
1519 2484 1660 2551 eiusdem
1686 2504 1840 2549 romanae
1860 2480 2073 2569 inquisitionis

568 2568 683 2659 dignus
696 2572 773 2636 liber
781 2574 1095 2659 prooemialis,queiii
1108 2590 1189 2639 como
1196 2574 1304 2655 secun·
1346 2573 1559 2651 subiiceretur,
1570 2571 1731 2636 indemnis
1749 2572 1974 2651 licet,necvll.i
1989 2572 2073 2637 theo·

568 2658 607 2722 elo
621 2656 806 2742 praemisit,
828 2660 1001 2723 deracione
1016 2662 1055 2731 εἴ
1073 2662 1258 2727 anuarino
1268 2660 1302 2723 in
1346 2660 1450 2747 logica
1464 2676 1542 2724 nota
1558 2657 1749 2743 perstrictus.
1793 2660 1866 2723 Nec
1890 2654 2073 2724 dubitarunt

567 2744 658 2809 rebus
669 2743 853 2829 theologicis,
868 2748 941 2824 vbi,
965 2742 1045 2811 dum
1056 2748 1175 2814 rationi
1187 2744 1301 2811 huma·
1345 2744 1494 2835 quidam,
1518 2745 1638 2833 scriptis
1653 2746 1787 2830 publicis
1812 2742 1904 2811 hasce
1923 2745 2073 2810 vindicias

567 2850 630 2896 nae
641 2848 745 2896 certos
760 2834 797 2897 in
811 2829 975 2917 theologia
990 2832 1106 2900 limites
1126 2830 1302 2913 constituit,
1345 2831 1574 2919 adgredi,quos
1588 2836 1671 2899 inter
1685 2834 1803 2898 eminet
1816 2850 1862 2897 rit
1872 2852 1895 2897 ii
1905 2854 1929 2897 u
1940 2850 2072 2897 ciscvs

566 2914 774 2984 scholasticae
787 2918 899 2985 theolo
923 2922 971 2986 iae
985 2922 1061 2986 vitia
1074 2918 1203 2987 cordate
1219 2917 1302 2985 indi·
1346 2940 1541 3000 uicroo,
1570 2920 1646 2985 alias
1672 2938 1802 3003 quoque
1823 2918 1867 2983 ob
1889 2918 2071 2984 colationem

568 3022 637 3084 eat,
662 3006 696 3072 dt
709 3007 822 3072 acriter
838 2939 1036 3093 perstingitt
1059 3007 1238 3075 auctoritati
1253 3022 1300 3070 ra·
1349 3006 1482 3073 Tbomee
1495 3006 1534 3073 ss
1541 3009 1624 3072 Scoti
1636 3026 1745 3085 notus,
1753 3010 1789 3073 iii
1801 3026 1865 3089 qua
1879 3004 2073 3091 ipsemetiv·

568 3112 646 3157 men
665 3090 767 3159 rursus
779 3112 1004 3159 ivevsriui
1026 3094 1112 3180 plus,
1135 3088 1302 3181 quamde·
1346 3114 1529 3161 uvarino
1552 3111 1679 3161 tantum
1694 3094 1821 3171 tribuit,
1838 3110 1873 3157 vr
1889 3090 1930 3158 ad
1946 3095 2013 3159 eius
2024 3114 2071 3158 au·

569 3182 759 3257 contribuit.
803 3178 948 3261 Qantas
961 3180 1039 3245 liber
1058 3179 1146 3247 hicce
1159 3200 1302 3246 tausir-
1346 3181 1537 3261 {toritatem
1552 3202 1608 3247 ceu
1626 3180 1761 3265 supremi
1777 3176 1905 3261 iudicis,
1913 3194 2072 3265 prouocet.

570 3284 635 3329 nii
659 3266 693 3329 iii
724 3261 850 3329 ecclesa
873 3284 1007 3331 romana
1031 3267 1139 3332 turbas
1167 3264 1301 3347 dederit,
1346 3268 1532 3333 Cuiuenim
1548 3265 1624 3332 duas
1639 3267 1933 3333 commentationes
1951 3266 2070 3353 ecelefie·

569 3370 669 3435 quani
683 3351 843 3431 violenta,
858 3370 997 3437 quamue
1010 3356 1133 3418 atrocia
1146 3356 1301 3419 excitaue·
1336 3354 1602 3442 stim-polemitas
1619 3351 1770 3431 edidisset,
1787 3355 1822 3418 in
1840 3374 1955 3419 earum
1968 3354 2069 3442 priori,

569 3438 612 3501 rit
628 3438 820 3516 certamina,
843 3456 962 3503 notum
976 3436 1039 3521 est,
1061 3440 1201 3525 alibique
1221 3438 1301 3506 edis·
1344 3461 1618 3507 viuctutivii
1630 3439 1832 3505 Lerinenscm
1844 3440 2071 3529 semi-Pelagia-

569 3522 681 3587 seritur
695 3543 732 3590 eit
752 3522 908 3590 instituto.
974 3545 1174 3592 iausruio
1195 3529 1300 3612 iungi·
1343 3530 1394 3595 nis
1408 3532 1594 3613 neutiquam
1609 3523 1888 3593 adnumerandum
1906 3528 1976 3609 esse,
1990 3524 2071 3617 quod

570 3630 643 3674 mus
658 3630 777 3676 irruit.
798 3629 1006 3677 uonisivrr
1026 3610 1230 3693 cardinalem,
1245 3634 1301 3679 cu·
1344 3632 1536 3683 norisius
1552 3614 1682 3694 fecerat,
1697 3616 1832 3699 probare
1849 3618 1972 3693 uoluit,
1994 3612 2072 3682 vnde

569 3698 619 3761 ius
634 3698 789 3761 vindiciae
799 3696 1056 3784 Augustinionae,
1078 3699 1188 3784 quibos
1195 3700 1302 3782 fiensli
1344 3701 1406 3768 alia
1421 3698 1577 3787 quaedam
1592 3700 1716 3785 scripta,
1733 3718 1801 3765 tum
1815 3724 1876 3785 pio
1891 3724 1912 3767 u
1924 3724 2070 3783 enisio,

569 3784 818 3867 doctorisscriptt
829 3785 1301 3873 adeierfietPeligianosacsemi·
1344 3807 1415 3855 tum
1431 3809 1490 3874 pro
1505 3808 1675 3854 iiacroo
1686 3808 1746 3867 un,
1761 3788 1893 3873 sequuti
1912 3790 1990 3858 sunt.
2012 3792 2069 3855 Er-

568 3870 754 3956 Pelagianos
767 3892 788 3933 a
803 3873 1001 3935 recentiorum
1014 3876 1144 3955 cenfiois
1157 3875 1300 3955 idsteten·
1344 3878 1429 3961 cepit
1455 3896 1529 3941 eum
1560 3895 1699 3941 anvuo
1730 3896 1957 3959 urvsents,
1982 3880 2069 3945 initio

568 3974 703 4026 tenena
719 3956 1300 4046 cumeiusdemhistoriaPelagiano&
1344 3962 1400 4028 sub
1420 3982 1627 4029 evcniitii
1656 3982 1826 4029 iiiiiit
1850 3968 1987 4033 nomine
2006 3968 2071 4031 lati·

568 4044 773 4130 eliffereatione
791 4046 828 4108 de
839 4045 952 4132 ,synodo
967 4049 1078 4129 quinta
1099 4048 1301 4126 oecumenico,
1344 4065 1430 4128 tans,
1454 4052 1488 4115 in
1499 4050 1664 4134 prodromo
1674 4067 1732 4135 pro
1739 4051 1918 4139 Augustino,
1935 4054 2071 4135 aduersas

569 4126 633 4195 sine
645 4134 812 4198 mentione
826 4132 893 4197 loci
902 4131 993 4196 iuxta
1007 4131 1162 4217 exemplar
1173 4136 1301 4199 Paeoni·
1344 4138 1512 4201 Henriciem
1525 4138 1562 4201 de
1575 4138 1690 4211 Noris3
1719 4132 1759 4202 de
1772 4158 1838 4223 quo
1858 4160 1913 4207 au
1923 4160 2068 4207 touivs

566 4238 749 4295 nom,anno
769 4224 862 4298 1677.
878 4218 981 4284 insol.
996 4220 1119 4286 recusae
1133 4221 1215 4286 sunt.
1261 4222 1301 4285 ln
1344 4220 1655 4291 nosternrisritvs
1673 4224 1736 4289 loco
1752 4228 1847 4289 citato
1869 4230 1914 4293 ita
1929 4248 2069 4315 pronun·

569 4300 619 4366 liis
635 4301 738 4368 statim
750 4305 789 4367 ab
805 4308 898 4369 initio
911 4325 978 4390 cop.
987 4311 1012 4372 i.
1025 4304 1173 4385 ostendit,
1181 4306 1299 4373 dodlri-
1344 4312 1424 4378 ciat:
1450 4315 1609 4399 Quantum
1619 4311 1670 4377 bie
1683 4312 1754 4375 anri
1767 4352 1780 4363 ·
1793 4314 1935 4397 Norijsies
1943 4316 2067 4403 propli-

569 4409 645 4451 nam
654 4388 823 4457 Atiiustini
835 4390 873 4457 dc
886 4390 1215 4478 praedestinatione&
1228 4414 1297 4481 gru·
1339 4398 1414 4461 reri!
1435 4400 1468 4461 in
1487 4400 1652 4482 prodromo
1675 4399 1821 4480 velitari,
1854 4422 1915 4485 qno
1928 4410 1982 4468 Ao
2002 4402 2065 4490 ipsi·

568 4476 613 4537 tii
627 4412 1198 4558 necdiffieilemmecobscuramelse3
1221 4480 1297 4546 hinc
1341 4504 1416 4547 niem
1436 4484 1572 4567 promiſse
1597 4486 1639 4549 oli
1663 4485 1835 4571 imposturis
1857 4426 2067 4575 elistipiesorm

567 4580 645 4623 vcro
659 4580 724 4644 cop.
734 4567 773 4626 II.
783 4562 909 4646 ordine,
919 4586 1000 4651 quae
1014 4570 1096 4633 circa
1106 4566 1224 4635 hancce
1238 4565 1297 4633 do·
1340 4572 1487 4652 lansenii,
1499 4574 1678 4655 preefivrcim
1691 4574 1823 4659 Norifii,
1839 4577 2067 4655 vindicandum,

566 4644 703 4715 dritiani
720 4649 982 4736 Hipponensium
1007 4653 1143 4741 praesuli
1169 4654 1295 4726 obiella
1339 4676 1398 4723 ono
1419 4659 1458 4729 (ἔ
1480 4658 1578 4727 altero
1600 4661 1633 4725 in
1654 4658 1704 4726 hii
1732 4661 1875 4727 vindiciis
1906 4662 2068 4744 ostenditur

1974 4772 2067 4819 exem·
