5259 5967
326 371 2108 572 w

1763 576 1775 583 ι.

1292 615 1299 630 Ι

546 956 592 1025 72
888 927 1021 1005 LIBRI
1042 929 1434 1047 esrom-sellam
1454 932 1691 1007 TERTIVM

1376 1040 1392 1047 -
1462 1039 1509 1047 -,.
1545 1028 1947 1052 -ὀ-ι--ιυο

549 1092 707 1148 omnem
731 1066 865 1141 merito
883 1088 1054 1167 operum,
1073 1092 1302 1169 omnemque
1331 1068 1557 1182 diligentiam
1580 1068 1792 1148 conserunt
1845 1047 2065 1151 Neciliffil

549 1164 729 1249 mittenda
742 1188 926 1265 vmquarn,
941 1188 1002 1240 aut
1015 1162 1215 1243 differenda
1235 1168 1312 1244 eius
1326 1168 1459 1261 lec'lro,
1480 1168 1605 1245 donec
1619 1168 1794 1246 omnibus
1814 1168 1859 1244 ad
1877 1169 1957 1248 inte
2004 1198 2067 1249 ae-

549 1266 698 1347 tandem
710 1262 923 1375 scripturam
938 1260 1070 1339 sacram
1084 1262 1243 1341 subsidiis
1258 1265 1434 1343 fuerimus
1453 1266 1623 1344 instrueli
1690 1266 1804 1345 Aliud
1821 1268 1957 1345 enime
2010 1272 2066 1347 le-

549 1390 647 1471 gere,
662 1360 757 1437 aliud
770 1362 1003 1475 interpretari
1019 1360 1231 1465 scripturam
1244 1362 1383 1441 sacram.
1435 1366 1524 1441 Hoc
1546 1392 1626 1442 non
1651 1364 1821 1443 omniurn
1842 1367 1905 1455 est,
1920 1363 1982 1444 sed
1997 1395 2067 1447 eo-

548 1490 632 1543 rum
647 1482 802 1555 tanturn,
821 1485 887 1559 qur
900 1459 945 1535 ad
959 1462 1034 1538 hoc
1053 1458 1137 1537 sunt
1153 1462 1289 1539 idonei.
1343 1462 1436 1539 lllud
1457 1468 1578 1541 autem
1599 1466 1641 1541 ab
1668 1464 1867 1555 omnibus,
1896 1463 1920 1540 sr
1944 1468 2064 1545 modo

548 1562 703 1669 pollmt,
716 1558 884 1659 exigitur,
899 1558 1109 1661 praesertim
1123 1560 1166 1637 ab
1179 1559 1234 1652 iis,
1254 1564 1319 1663 qui
1338 1560 1412 1639 aliis
1427 1562 1623 1663 aliquando
1647 1562 1740 1641 viam
1765 1561 1810 1639 ad
1830 1562 1981 1641 salutem
2006 1592 2065 1645 ae-

548 1686 692 1743 ternam
706 1657 909 1733 monstrare
922 1659 1100 1763 cupiunt‚·
1123 1656 1223 1735 cous.
1235 1687 1265 1734 ι.
1283 1661 1368 1739 lim.
1384 1662 1446 1736 III.
1462 1684 1501 1751 15.
1521 1670 1536 1705 *

635 1804 652 1839 *
674 1802 718 1867 Vt
730 1822 769 1867 ex
782 1801 860 1867 libro
878 1816 1011 1864 naturae
1026 1822 1133 1868 rerum
1154 1817 1281 1866 natura·
1327 1800 1503 1886 suscipitur,
1518 1820 1657 1885 quamue
1674 1802 1868 1885 nequiſsem,
1884 1818 1942 1869 ant
1953 1820 2069 1869 acrw

549 1896 649 1965 liums
666 1894 709 1957 ita
722 1886 922 1970 diuinarum,
938 1908 1020 1973 quae
1033 1910 1090 1974 per
1113 1888 1283 1955 reuelatio-
1326 1890 1474 1953 maritam
1490 1885 1676 1972 adpellitare
1691 1890 1775 1954 licet.
1833 1892 1938 1955 Nobis
1953 1890 1993 1957 de
2008 1892 2066 1957 illa

549 2002 628 2049 nem
640 1978 734 2043 nobis
742 1974 952 2055 innotescunt,
963 1980 1113 2042 notitiam
1125 1993 1229 2041 tatum
1245 1994 1284 2039 ex
1328 1996 1414 2039 nunc
1431 1973 1534 2039 sermo
1547 1971 1605 2049 elis
1618 1997 1691 2040 curn
1706 1972 1746 2040 ad
1761 1974 1921 2041 hantnon
1934 1998 2063 2061 omnes,

549 2070 630 2134 libro
631 2066 804 2149 scripturae
824 2060 949 2130 haurire
966 2064 1052 2128 licet.
1119 2061 1284 2143 Quare&
1327 2065 1384 2147 qui
1412 2058 1593 2146 theologiae
1613 2083 1734 2127 nomen
1763 2059 1950 2143 dederunt,
1977 2082 2066 2131 certe

548 2154 737 2239 scripturam
750 2148 947 2215 sacramnon
960 2165 1087 2214 tantum
1100 2167 1134 2214 vt
1141 2148 1284 2234 regulam
1329 2153 1412 2215 circa
1432 2151 1560 2213 initium
1580 2144 1755 2215 studiorum
1772 2196 1780 2227 ,
1801 2146 1909 2215 idonei
1932 2152 2012 2231 lint,
2028 2152 2066 2219 &

551 2244 762 2313 &notmam;
779 2234 833 2303 sed
845 2239 880 2304 dt
892 2252 927 2302 vt
939 2236 1062 2303 sontem
1075 2239 1283 2311 uberrimum,
1328 2233 1368 2302 de
1382 2234 1504 2302 eainsu
1530 2256 1561 2299 er
1575 2256 1612 2301 ex
1624 2232 1771 2301 instituto
1793 2238 1887 2302 nobis
1899 2236 2066 2321 agendum

549 2350 587 2395 ac
601 2328 811 2415 praecipuum
831 2321 957 2389 nostrae
978 2321 1223 2401 meditationis,
1246 2342 1284 2388 cx
1328 2320 1383 2404 stt,
1397 2256 1533 2389 cumde
1557 2320 1719 2409 theologia
1736 2327 1893 2409 exegetica
1911 2326 1968 2389 l'uo
1983 2326 2066 2391 loco

549 2437 616 2503 quo
629 2416 752 2489 omnia,
764 2432 845 2496 quae
858 2410 934 2475 scitu
949 2410 1096 2495 saecloque
1116 2410 1285 2477 necessaria
1328 2412 1565 2497 praecipiemus.
1632 2410 1721 2475 Haec
1741 2411 1865 2496 itaque,
1879 2408 1918 2477 de
1929 2433 1993 2496 qua
2008 2409 2066 2476 bic

548 2505 624 2569 sunt
638 2497 679 2565 ad
696 2498 839 2575 salutem,
853 2494 1028 2563 haurienda
1040 2498 1117 2578 lint,
1138 2496 1228 2582 supra
1241 2491 1282 2560 ad
1327 2498 1500 2583 loquimur,
1515 2496 1683 2581 scripturae
1694 2496 1795 2562 sacrae
1811 2498 1924 2577 lestio,
1939 2518 2067 2583 quaeue

549 2600 582 2673 §.
604 2591 659 2653 IX.
681 2580 990 2651 commendauimus.
1036 2587 1183 2669 Sequitur
1206 2579 1283 2647 inde
1326 2580 1366 2649 ad
1382 2584 1575 2668 cognitionis
1590 2586 1706 2669 pariter
1729 2605 1764 2648 ae
1779 2580 1851 2650 lidei
1868 2586 2065 2653 sanditatis-

549 2696 662 2763 porro,
676 2672 774 2738 libros
788 2668 986 2759 theologicos
1005 2675 1139 2756 quosuis
1157 2674 1192 2737 in
1212 2686 1282 2733 tan·
1326 2692 1389 2756 que
1406 2672 1641 2735 incrementum
1662 2688 1848 2756 comparata
1867 2670 1931 2751 est,
1966 2690 2004 2737 vt
2023 2692 2063 2739 ex

548 2783 621 2830 tum
634 2755 820 2839 laudandos,
834 2762 870 2824 in
881 2774 1040 2844 quantum
1048 2756 1088 2824 ad
1096 2758 1282 2842 scripturam
1325 2774 1407 2822 voto
1422 2752 1591 2843 procedat;
1615 2761 1755 2841 primum
1771 2758 1834 2838 cll,
1855 2778 1890 2823 vt
1903 2762 1975 2845 quis
1990 2762 2063 2823 ani-

549 2872 610 2917 nos
625 2844 760 2923 ducunt,
776 2846 828 2911 vel
841 2844 965 2913 adeam
981 2846 1094 2913 rectius
1101 2845 1282 2929 intelligen·
1325 2865 1374 2909 mo
1389 2846 1447 2909 rire
1459 2861 1647 2930 praeparato
1670 2847 1704 2912 ὃς
1719 2846 1853 2931 dispofito
1868 2844 1908 2911 ad
1921 2868 1996 2913 eam
2009 2868 2063 2913 ac-

548 2936 625 3005 dam
637 2935 731 3000 nobis
753 2936 840 2997 viam
859 2936 1031 3013 muniunt,
1054 2935 1101 2997 vti
1118 2934 1183 2997 iam
1197 2928 1237 2994 ad
1251 2934 1280 3011 §.
1326 2928 1427 2998 cedat.
1480 2932 1560 2996 Non
1581 2934 1687 3016 itaque
1712 2934 1756 2997 ob
1776 2932 2062 3013 consuetudinem,

543 3022 775 3110 praecedentem
789 3019 1038 3085 obseruauimus.
1083 3016 1143 3085 Sed
1158 3016 1281 3103 idquo-
1325 3035 1397 3095 aut,
1421 3035 1455 3084 ut
1477 3016 1635 3084 doctiores
1656 3015 1784 3099 fiamus,
1803 3018 2003 3105 similemque
2018 3024 2064 3085 ob

548 3132 612 3197 que
632 3105 709 3173 inde
725 3107 881 3190 sequitur,
899 3106 1087 3191 scripturam
1102 3104 1220 3170 sacram
1241 3103 1281 3168 ab
1326 3104 1486 3184 caussam,
1505 3114 1593 3190 :quae
1611 3108 1711 3171 animi
1744 3103 1876 3191 aliquod
1885 3110 2063 3173 vitiumar-

549 3195 704 3265 omnibus
719 3188 864 3277 quidem,
884 3196 939 3280 qui
952 3193 1057 3259 salutis
1065 3210 1211 3258 aeternae
1225 3211 1280 3255 cu·
1347 3194 1404 3270 uit,
1420 3192 1593 3259 lectionem
1607 3188 1696 3257 istam
1710 3189 1944 3279 adgrediamure
1959 3192 2011 3261 sed
2023 3210 2061 3261 vt

548 3280 617 3371 pidi
630 3280 718 3355 sums
731 3282 868 3345 maxime
876 3298 986 3346 autem
994 3283 1088 3359 abiis,
1103 3282 1157 3365 qui
1166 3274 1279 3343 dotto-
1323 3213 1420 3345 linem
1436 3274 1539 3357 illum,
1556 3298 1686 3363 propter
1701 3301 1798 3365 quem
1813 3282 1900 3347 Deus
1926 3280 2062 3367 scriptu·

548 3392 622 3437 rum
639 3364 814 3453 aliquando
840 3388 972 3433 munere
993 3369 1028 3431 in
1051 3362 1281 3448 ecclcfiafungi
1322 3386 1392 3430 ram
1406 3364 1526 3429 sacram
1535 3366 1646 3431 litteris
1661 3364 1837 3453 consignari
1846 3370 1962 3450 voluit,
1978 3388 2060 3435 con-

547 3458 675 3533 volunt‚
687 3475 786 3540 quam
798 3448 1030 3539 diligentillime
1049 3448 1232 3539 legendam,
1247 3451 1282 3515 &
1323 3452 1499 3537 sequamur,
1508 3456 1563 3537 qui
1578 3450 1673 3531 ell,vt
1686 3454 1883 3519 credamusin
1895 3454 2060 3541 chrr'stm,

548 3550 585 3612 in
599 3543 735 3618 suctum,
742 3536 832 3626 quod
840 3543 940 3618 aiunt,
948 3540 979 3605 sa
1024 3542 1282 3625 uinemquecon-
1325 3542 1363 3610 ὅ
1372 3539 1530 3624 perfidem
1543 3542 1576 3601 in
1589 3539 1676 3603 illum
1690 3558 1849 3605 artemam
1873 3544 1971 3606 vitam
1989 3542 2062 3607 adi-

549 3625 741 3698 uertendam
759 3625 830 3691 else.
894 3626 984 3693 Hinc
1045 3626 1157 3692 Paulus
1168 3626 1283 3691 Timo·
1321 3628 1487 3711 pifiumur,
1504 3630 1590 3690 loan.
1606 3629 1674 3692 XX.
1689 3649 1716 3691 r.
1732 3627 1784 3692 vlt.
1829 3628 1996 3711 Qrorsum
2012 3647 2062 3697 et·

547 3716 664 3785 theum
683 3712 777 3777 suum
807 3710 933 3792 laudat,
957 3710 1047 3800 quod
1062 3720 1113 3772 tra
1125 3722 1239 3783 eripere·
1260 3732 1282 3774 a
1325 3716 1390 3778 iam
1413 3712 1550 3796 spedat,
1567 3729 1601 3776 tt
1618 3714 1652 3776 in
1672 3710 1734 3779 lide
1747 3714 1999 3795 construamur,
2024 3717 2063 3785 δι

543 3822 642 3891 puero
653 3799 753 3866 sacras
765 3798 883 3865 litteras
902 3796 1071 3875 didicisset,
1108 3818 1167 3865 uae
1183 3800 1282 3864 etiam
1327 3802 1587 3877 corroboremur,
1603 3804 1815 3887 omniumque
1830 3806 1947 3868 virium
1969 3803 2064 3891 spiti-

548 3890 643 3958 illum
655 3894 771 3953 ceolam·
792 3884 954 3971 instruere,
970 3890 1200 3971 autsapeentem
1213 3885 1281 3948 red·
1325 3887 1479 3963 tualinm,
1494 3888 1608 3971 quibus
1626 3884 1666 3952 ad
1689 3890 1834 3969 cursum,
1849 3911 1946 3975 quem
1962 3890 2061 3957 semel

546 3968 760 4061 dercpossrnt,
771 3973 965 4056 adfinitatem,
985 3994 1042 4059 per
1046 3974 1182 4058 fidemin
1192 3970 1281 4036 Chri·
1325 3967 1450 4057 ingrelsr
1467 3972 1588 4050 lirmus,
1606 3972 1854 4056 abl'oluendum,
1868 3978 1961 4043 nobis
1975 3996 2062 4063 opus

539 4064 626 4153 stum
637 4061 741 4144 infirm,
756 4081 783 4123 2.
794 4062 870 4125 Tim.
877 4064 938 4142 m,
947 4082 985 4143 15.
1031 4061 1189 4125 Vtautem
1203 4080 1282 4145 pau·
1326 4056 1378 4137 est,
1397 4081 1483 4124 noua
1496 4056 1625 4124 subinde
1640 4065 1833 4144 accipiamus
1848 4066 2061 4131 incrementa.

547 4154 593 4219 cis
604 4144 822 4226 ostendamus,
840 4168 907 4232 quo
926 4147 1022 4232 padlo
1041 4148 1209 4229 scripturae
1235 4144 1281 4208 sa·
1326 4146 1513 4233 Cogitemus
1524 4164 1711 4231 tumporro,
1729 4151 1963 4217 coramtbrono
1977 4152 2064 4217 diui·

549 4260 622 4304 crae
633 4238 693 4300 rite
709 4229 901 4300 instituenda
915 4234 952 4301 lit
965 4234 1074 4314 leslio,
1088 4230 1178 4319 quod
1191 4234 1224 4298 δι
1233 4253 1281 4297 res
1324 4254 1384 4297 nae
1396 4232 1564 4319 maiestatis
1575 4256 1638 4299 nos
1653 4234 1846 4303 constitutos
1865 4238 1935 4317 ell'e,
1948 4257 1987 4305 vt
1999 4260 2065 4304 vo·

549 4325 625 4409 ipsa,
642 4318 820 4388 &instituti
836 4320 936 4388 nostri
951 4321 1090 4407 postulat
1106 4322 1208 4393 rati03
1222 4319 1281 4383 ob-
1325 4340 1396 4386 tem
1408 4320 1520 4385 summi
1534 4323 1734 4405 imperatoris
1755 4321 1939 4404 audiamus,
1960 4323 2063 4412 idque

548 4406 757 4487 seruandum,
771 4409 867 4475 aliam
893 4410 953 4475 else
975 4410 1148 4476 lcdlionem
1163 4453 1173 4486 ,
1199 4426 1282 4492 quae
1325 4410 1463 4472 maxima
1470 4429 1544 4474 cum
1552 4411 1778 4475 ¹animianobis
1792 4408 1860 4477 lieri
1874 4412 1990 4479 debere
2004 4434 2063 4480 ve-

551 4498 592 4565 ab
610 4496 762 4560 omnibus
781 4497 921 4562 omnino
943 4493 1128 4562 hominibus
1147 4495 1282 4579 requiri·
1324 4497 1505 4561 neratione.
1550 4494 2065 4587 Hincenimattentio&diligen·

551 4601 614 4665 tur,
628 4600 981 4667 quamuecommnem,
997 4600 1053 4649 aut
1066 4584 1166 4647 etiam
1179 4596 1281 4644 exote-
1324 4583 1386 4660 tia,
1401 4582 1435 4647 ὁ(
1450 4579 1607 4659 studium,
1622 4584 1785 4651 voluntati
1797 4586 1951 4653 Numinis
1969 4588 2006 4653 in
2024 4609 2067 4657 o·

550 4673 649 4737 ricem
663 4688 777 4736 vocare
797 4664 916 4756 possrse
936 4672 1033 4737 aliam
1053 4686 1179 4747 autem,
1198 4688 1281 4752 quae
1324 4668 1455 4733 mnibus
1474 4666 1687 4753 obsequendi,
1706 4668 1903 4741 excitabitur.
1969 4672 2066 4743 Mul·

549 4760 591 4825 ab
603 4760 655 4838 iis,
666 4758 722 4842 qui
736 4760 888 4835 omnibus
906 4753 1047 4837 subsidiis
1063 4754 1280 4842 hermeneuti-
1325 4770 1396 4821 mm
1410 4753 1473 4821 lroc
1490 4756 1748 4838 etiamconseret,
1764 4776 1800 4823 vt
1812 4783 1831 4826 a
1844 4762 1951 4847 pratris
1964 4782 2064 4833 mens

549 4848 595 4913 cis
609 4842 1281 4929 inlltudlil'une&scripturamsacramnon
1324 4836 1430 4907 nostra
1443 4861 1596 4928 purgetur
1608 4841 1801 4925 adfectibus,
1825 4848 1881 4933 qui
1889 4844 2066 4919 haudraro

549 4950 677 5005 tartum
688 4928 804 5019 legere,
816 4926 916 5003 sed&
930 4926 1279 5023 iraterpretaripolluut,
1323 4924 1473 5011 obllant,
1493 4949 1560 5016 quo
1583 4933 1691 5001 mutue
1723 4934 1808 5009 tede
1829 4938 2069 5027 percipiamus,

1979 5046 2068 5117 quae
