5259 5967
807 694 871 765 DE
893 680 1440 772 itotntbtvttnrmvs
1474 696 1841 775 THEOLOGICIS.
1994 724 2058 794 243

569 788 1915 835 ——-——-——-—-——-——--—-——-
1937 818 2058 839 ..—

575 835 755 919 tullefelt.
772 840 829 905 W.
842 856 917 908 turn.
932 846 958 908 1.
966 861 1103 927 operum,
1114 863 1147 928 p.
1155 866 1214 931 ²¹9·
1212 848 1281 931 sqq.
1325 846 1392 912 sola
1406 844 1631 929 adhibeantur,
1648 854 1788 916 omnino
1804 850 1845 917 ad
1864 850 2055 924 atheismum

572 920 717 1023 pebotce
731 926 896 1012 principio
909 927 968 994 suo
988 930 1119 1016 ipsemet
1139 952 1199 998 mo
1209 953 1229 997 n
1238 955 1281 997 vs
1326 931 1450 1013 ducere,
1459 931 1692 1003 demonstrauit
1701 939 1736 1002 in
1745 936 1866 1023 pbpysca
1879 941 2000 1023 diuina,
2008 968 2055 1009 re.

568 1014 814 1097 rtapronuntiat:
833 1016 1022 1101 principium
1036 1017 1093 1083 luc
1114 1040 1168 1082 nec
1189 1021 1283 1106 confi·
1325 1024 1377 1086 lia
1395 1022 1464 1101 via,
1478 1022 1640 1109 eademque
1658 1025 1740 1088 inter
1749 1025 1992 1111 steperstitiunem
2016 1033 2055 1101 cs

567 1100 634 1163 lim
644 1096 693 1185 est,
706 1119 762 1164 nec
771 1120 887 1166 nouum
902 1104 942 1173 ὅ
955 1104 1141 1188 inauditum,
1161 1107 1221 1191 nist
1226 1127 1282 1171 no·
1324 1104 1506 1191 atheismum
1520 1112 1632 1189 media,
1645 1110 1857 1197 eduramque
1870 1111 2056 1198 hominisfe-

514 1216 531 1227 -
565 1202 621 1251 nen
623 1186 813 1270 soummdo
819 1188 921 1253 intelli
939 1211 995 1269 as,-
1017 1214 1082 1255 rem
1095 1196 1281 1278 enimipfam
1324 1194 1472 1259 licitatetn
1486 1196 1663 1261 naturalem
1674 1215 1768 1282 atque
1781 1202 1930 1265 muralem
1943 1203 2054 1267 dracen-

563 1290 741 1361 agnouerunt
751 1276 876 1359 antiqui
885 1208 1067 1363 pdilofitpbi,
1077 1278 1280 1367 Pythagoras,
1323 1296 1364 1360 te,
1405 1280 1604 1349 Francosurti
1627 1281 1668 1350 ad
1686 1286 1849 1353 Moenum
1867 1292 1949 1368 1716
1971 1290 2007 1354 in
2022 1308 2054 1371 4.

563 1362 651 1443 Plato,
678 1363 794 1449 ipfi’que
820 1363 996 1450 Aristoteles
1012 1366 1068 1441 fieb
1090 1372 1281 1439 nominejtue
1322 1369 1635 1434 Nimirumdiuinam
1647 1370 1766 1439 hancce
1773 1369 1936 1460 physicam
1944 1394 2055 1457 vocat,

563 1450 657 1519 time.
677 1466 718 1515 vt
733 1450 859 1535 quanda
883 1453 975 1515 toties
995 1452 1130 1517 inculcat
1148 1454 1193 1521 eli
1205 1456 1280 1524 ulau
1327 1475 1380 1530 eo,
1402 1453 1492 1539 quod
1512 1459 1689 1543 principia,
1712 1462 1826 1544 quibus
1847 1460 2054 1545 superstructa

562 1536 608 1597 tu·
617 1542 698 1603 nunu
713 1541 794 1599 erili.
806 1532 1282 1622 naturamnihilfacerefrustre,
1327 1537 1381 1617 est,
1398 1542 1463 1608 stne
1476 1540 1548 1608 idea
1563 1544 1624 1610 Dei
1638 1541 1693 1610 libi
1709 1566 1780 1610 non
1794 1545 1951 1627 constant,
1966 1545 2055 1614 &ad

562 1618 872 1707 quudintelligendum
885 1624 924 1711 est
937 1629 1063 1691 omnino
1084 1627 1123 1691 de
1148 1626 1206 1691 hoc
1217 1624 1283 1708 spi-
1326 1626 1524 1695 existentiam
1550 1632 1617 1695 eius
1652 1628 1890 1717 agnoscendam
1919 1632 2054 1700 ducunt.

565 1708 617 1769 ritu
628 1722 772 1787 murae,
786 1715 923 1795 quem&
932 1710 1281 1802 princepiusnbylarcbi·
1326 1716 1493 1781 Summam
1508 1714 1707 1784 eiusexhibet
1723 1740 1768 1785 ro.
1789 1740 1843 1785 ou.
1860 1740 2054 1802 tenuemve,

566 1812 623 1857 eun
634 1794 773 1878 adpelle,
794 1797 815 1863 s.
824 1818 850 1864 t.
862 1818 897 1883 p.
910 1819 968 1885 ²51·
1011 1803 1063 1867 De
1077 1801 1207 1886 reliquis
1221 1800 1282 1884 spi·
1326 1804 1361 1867 in
1368 1803 1436 1867 dem
1443 1802 1604 1889 Entuurff
1606 1805 1860 1890 derallgtmeinen
1869 1806 2055 1890 Gelebrsam·

567 1882 632 1947 ritus
647 1881 833 1949 uniuersalis
845 1884 1058 1953 adsertoribus
1073 1908 1199 1954 unvmr
1213 1906 1281 1952 vau
1324 1887 1399 1969 leit,
1409 1890 1461 1953 lib.
1469 1893 1560 1955 illc.
1568 1893 1625 1957 Ill.
1636 1899 1664 1971 ς.
1673 1896 1769 1958 XXX.
1773 1910 1808 1977 p.
1816 1913 1878 1976 ¹77·

568 1986 634 2035 orn
656 1990 804 2053 otene,
822 1994 934 2040 ntra.
948 1996 1189 2053 triturantur,
1199 1994 1281 2039 anu.
1435 1973 2054 2063 Licetautemisti,quoshastenuscom·

514 2116 516 2121 .
568 2074 795 2137 recurrito,
833 2080 884 2125 to.
918 2082 1069 2128 manco
1098 2078 1280 2128 Mancre
1326 2065 1590 2143 memorauimus,
1618 2066 1652 2128 in
1677 2064 2055 2149 plurimis,immoipsrs

514 2204 516 2213 .
571 2162 1281 2228 mouetur),nunn.uouuro,ro.nuoso
1326 2150 1503 2234 principiis,
1519 2151 1815 2237 maximopetease
1833 2154 1974 2218 inuicem
1990 2150 2053 2217 dis-

571 2246 765 2309 couruto,
781 2251 831 2299 ro.
850 2254 1025 2313 antaeo,
1050 2256 1136 2302 ame
1158 2232 1282 2300 didtum
1325 2236 1495 2309 sentirent3
1517 2238 1605 2302 ineo
1621 2255 1730 2303 tamen
1746 2260 1862 2325 magna
1874 2235 2056 2307 consensio-

514 2338 517 2393 ε
571 2317 770 2383 intumuit.
785 2320 830 2383 ad
840 2319 945 2405 butor.
954 2320 1124 2406 pbilofitpb.
1148 2323 1282 2386 aurato.
1326 2342 1365 2386 ne
1378 2320 1615 2406 conspirabant,
1637 2322 1874 2391 Aristotelicam
1893 2323 2057 2392 scholasti·

514 2422 519 2521 p
571 2424 636 2485 tun,
650 2401 691 2469 ad
710 2414 745 2483 §.
760 2410 905 2473 XXXVI.
922 2428 954 2492 p.
964 2418 1027 2492 318.
1034 2429 1096 2493 319.
1110 2411 1189 2474 irem
1202 2406 1244 2473 ad
1254 2414 1283 2488 ξ.
1328 2428 1462 2492 eamque
1490 2405 1654 2493 physicam
1673 2409 1907 2497 explodendam
1925 2412 2054 2496 prorsus

514 2530 516 2543 ·
571 2492 698 2556 mul.
708 2509 742 2574 p.
754 2504 824 2575 455.
890 2494 1080 2574 Addendus,
1100 2499 1156 2580 qui
1176 2492 1284 2560 nostra
1328 2516 1366 2559 ac
1379 2491 1609 2559 eliminandam
1627 2495 1696 2562 esse.
1742 2496 2056 2564 &scholasticorum

514 2575 521 2669 ¹,
570 2575 815 2645 aetateeamdem
830 2580 1023 2647 sententiam
1045 2584 1210 2667 amplexus
1231 2576 1285 2660 est,
1331 2578 1463 2666 quidem
1483 2600 1670 2648 commenta
1699 2578 1781 2649 adeo
1802 2580 1932 2668 illepida
1953 2601 2056 2665 erant,

572 2664 598 2733 it
615 2686 684 2731 non
711 2661 777 2731 fine
804 2669 928 2753 ingenii
954 2671 1104 2734 acumine
1134 2665 1284 2746 defendit,
1328 2686 1363 2731 vt
1378 2687 1447 2732 non
1462 2665 1547 2745 esset,
1563 2670 1619 2754 qui
1635 2670 1768 2734 illorum
1784 2665 2000 2735 defensionem
2009 2669 2057 2734 su·

570 2772 723 2819 tnnist.
736 2774 912 2820 ruouns
924 2776 995 2834 ivs,
1007 2757 1051 2819 im
1068 2753 1199 2836 Verfiuh
1210 2774 1286 2819 vum
1330 2754 1446 2837 stipere
1455 2754 1558 2834 vellet,
1567 2772 1634 2835 aut,
1644 2752 1667 2822 si
1679 2758 1750 2842 quis
1758 2753 1823 2822 hoc
1836 2754 1960 2835 ficeret,
1968 2751 2056 2821 haud

571 2842 660 2925 uest»
676 2840 730 2904 des
744 2839 856 2925 Get'ster
876 2842 949 2905 eder
968 2840 1225 2907 (iruna-Leman
1235 2843 1287 2924 so-
1330 2839 1427 2907 dubie
1442 2843 1592 2906 omnium
1606 2841 1637 2907 se
1650 2858 1823 2927 exponeret
1837 2840 1988 2909 ludibrio.
2010 2842 2056 2907 At

567 2928 640 2995 nobs
647 2946 711 2993 zur
729 2926 924 2992 natiirlicben
940 2926 1151 3015 Wfflnfihaffl
1165 2929 1214 2993 alr
1233 2928 1288 2991 der
1329 2928 1462 3014 genuini
1473 2925 1654 2994 Aristotelis
1670 2928 1846 3009 senatores,
1853 2946 1889 2993 vt
1896 2927 2060 3014 peripsam

514 3042 517 3052 ·
564 3011 779 3094 uem-ubre,
806 3014 909 3079 Halae
931 3020 1014 3096 1699
1031 3020 1066 3081 in
1082 3027 1112 3089 8.
1179 3016 1286 3079 lmmo
1331 3016 1490 3078 bonarum
1521 3014 1698 3080 litterarum
1723 3012 1958 3081 restitutionem
1990 3036 2060 3080 ma·

514 3064 519 3167 l
562 3122 613 3171 nec
624 3102 694 3188 ipse
707 3102 821 3187 procul
834 3102 875 3166 ab
890 3098 949 3166 hac
962 3102 1063 3169 abesse
1076 3101 1287 3168 sententiavi·
1330 3120 1427 3185 gnam
1454 3098 1628 3166 hincinde
1651 3102 1860 3169 obtinuerant
1883 3102 2059 3168 audiorita·

514 3186 517 3269 ἐ
562 3188 649 3259 detur
674 3207 1128 3255 oau.or.ttonnor1vs.
1171 3194 1288 3272 suppa·
1331 3203 1416 3263 tem3
1438 3189 1482 3251 ita
1496 3190 1607 3254 acriter
1621 3186 1754 3255 subinde
1769 3190 2001 3275 repugnabant,
2017 3205 2060 3254 ne
2109 3192 2113 3201 '

514 3276 516 3307 ¹
559 3278 692 3345 nendum
711 3274 765 3363 est,
773 3277 891 3362 inquit,
906 3274 1077 3361 impeffibile
1091 3275 1288 3363 esseomnium
1331 3274 1469 3358 imperio
1487 3268 1557 3353 isto,
1572 3271 1662 3359 quod
1678 3273 1967 3357 sibivindicabant,
1992 3277 2058 3360 pri·

514 3370 517 3376 '
554 3364 835 3453 phaenomenorutn
847 3363 1040 3427 naturalium
1053 3362 1289 3428 mathematicas
1330 3377 1491 3425 natentur.
1556 3361 1670 3446 Ingens
1692 3360 1790 3429 exstat
1804 3362 1935 3430 illorum
1948 3380 2062 3429 nume·

557 3456 630 3521 lm
645 3449 934 3538 demonstrationes,
954 3470 1142 3534 quamquam
1160 3448 1289 3513 adlabo-
1332 3466 1396 3526 rus,
1410 3448 1465 3531 qui
1483 3462 1539 3510 aut
1559 3448 1594 3511 in
1609 3448 1706 3514 libros
1721 3446 1899 3516 Aristotelis
1917 3445 2062 3536 physicos

556 3536 754 3625 tandmfit,
776 3553 811 3603 vt
827 3556 890 3617 tas,
905 3538 1010 3620 quoad
1028 3540 1093 3601 eius
1103 3538 1177 3622 fieri
1192 3531 1289 3620 poffit,
1333 3534 1546 3600 commentati
1564 3532 1653 3612 sunt,
1674 3552 1729 3600 aut
1748 3533 1922 3602 secundum
1943 3537 2063 3617 princi·

520 3678 524 3687 .
555 3626 739 3697 babeam
804 3623 840 3689 Si
855 3623 991 3688 omnium
1004 3624 1124 3705 intense
1135 3626 1290 3705 sellarum
1333 3623 1387 3707 pia
1402 3621 1468 3686 eius
1482 3615 1646 3707 systemata
1658 3620 1710 3688 vel
1725 3618 1917 3705 compendia
1933 3616 2063 3705 physica

550 3714 713 3803 principia
723 3713 929 3795 conferamus,
949 3712 984 3775 in
999 3732 1058 3775 nna
1078 3711 1194 3795 aliquo,
1207 3709 1289 3774 inco·
1334 3702 1564 3787 condiderunt,
1586 3728 1668 3794 quos
1693 3703 1824 3793 quidem
1844 3704 2005 3773 recensere
2025 3725 2062 3769 o·

551 3796 644 3890 guito
653 3800 768 3883 stilicet
778 3799 945 3885 principio,
965 3798 1118 3885 deficiunt,
1139 3797 1289 3882 quodne·
1333 3814 1424 3861 mnes
1443 3792 1714 3881 superuacaneum
1735 3792 1840 3860 fuerin
1882 3786 2063 3858 Breuiterst

560 3906 655 3953 turae
662 3886 832 3971 plusquam
843 3887 1052 3970 corporeae&
1056 3882 1291 3970 spiritualisque
1334 3885 1405 3969 quis
1420 3880 1611 3961 scireauear,
1627 3879 1808 3948 cuiusmodi
1831 3902 1868 3946 ea
1887 3877 1959 3956 sint,
1980 3896 2064 3961 quae

535 4006 541 4013 ·
552 3972 771 4063 probabilibur
783 3974 973 4060 argumentis
982 3972 1146 4058 colligitur,
1159 3990 1222 4037 non
1235 3992 1291 4035 ve·
1333 3974 1369 4037 in
1383 3966 1530 4034 dostrina
1542 3970 1679 4035 naturali
1688 3971 1728 4034 ab
1741 3961 2005 4065 iisexspedlanda,
2013 3960 2066 4062 uel

555 4060 663 4129 reita
681 4058 910 4145 demonstratur,
935 4077 969 4125 ot
982 4061 1163 4142 fietisfitcere
1181 4057 1292 4143 plenae
1334 4076 1543 4123 ruentum
1595 4076 1758 4121 cicou
1775 4074 1857 4120 run
1900 4053 2065 4116 Vicennm

555 4146 837 4237 cognutunipoffim
855 4145 993 4233 polyhist.
1009 4165 1083 4212 tom.
1104 4150 1147 4210 ΙΙ.
1171 4145 1224 4209 lib.
1248 4148 1290 4208 ΙΙ.
1333 4140 1520 4229 quaestiones
1533 4143 1703 4223 naturales,
1718 4142 1752 4205 in
1763 4140 1873 4226 quibus
1886 4140 1976 4203 iuxta
1991 4136 2067 4203 Ati·

556 4258 585 4305 c.
592 4237 874 4321 XIX-paepNec
880 4230 1178 4321 praetermittendus
1186 4228 1237 4297 bic
1246 4228 1291 4298 est
1326 4229 1446 4320 stoicus
1462 4230 1619 4315 principia
1637 4229 1737 4293 multa
1763 4226 1925 4326 diligenter
1941 4238 2065 4309 pertre-

557 4324 760 4391 eeleberrimi
772 4324 919 4391 nominis
933 4319 1043 4389 nostra
1059 4338 1162 4388 aetate
1185 4316 1292 4405 philo·
1337 4322 1472 4397 uantur,
1511 4318 1549 4387 εἰ
1561 4319 1685 4401 summa
1697 4315 1858 4399 facilitate
1870 4313 2067 4409 asperantur

560 4406 826 4495 sopbnentun.
842 4428 1085 4491 nvorornvs,
1099 4408 1292 4495 vtpotequi,
1338 4422 1447 4471 contra
1481 4404 1647 4469 liebertum
1675 4408 1865 4481 quenum,
1891 4398 2067 4465 Hanotum

585 4500 721 4585 rincipia
731 4496 920 4565 mechanica
934 4519 1004 4564 non
1018 4510 1144 4564 tantum
1160 4516 1229 4561 non
1236 4492 1295 4559 sus·
1343 4511 1428 4575 1594
1443 4487 1557 4570 editas,
1574 4510 1629 4557 aut
1643 4488 1777 4557 similem
1798 4485 1942 4586 libellum
1962 4482 2068 4584 adeat.

551 4518 802 4675 gemequippe
816 4588 981 4675 exquibus
1003 4606 1073 4650 non
1093 4587 1221 4662 veritas,
1244 4577 1297 4648 sed
1338 4575 1514 4645 Fatendum
1522 4596 1643 4658 tamen,
1653 4574 1828 4645 nonnullos
1837 4577 2069 4659 princrpraqm·

551 4668 753 4765 possibilitas
772 4690 901 4743 tantum
923 4676 971 4745 rei
992 4672 1183 4753 innotescat,
1201 4666 1297 4742 sedsi
1341 4664 1417 4738 dem
1431 4661 1571 4822 piltplsrczes
1586 4664 1804 4739 teutonum
1823 4656 1992 4734 retinuisse,
2015 4646 2069 4805 sie:
