5259 5967
336 1657 340 1721 l

1633 464 1656 513 θ’.

581 648 584 653 ’
639 676 1669 771 nemornnnnvunrmusrurorocrcrs.
1847 664 1913 773 2'77

336 774 340 783 '
387 772 1459 807 mm
1484 792 1911 813 ·-—-—-·-———-

345 864 352 877 .
389 812 525 885 ultumis
539 821 701 885 erroribus
727 822 870 907 plerique
891 842 1127 890 eorumconu-
1165 826 1331 910 petendum
1352 825 1540 911 existiment,-
1563 824 1617 911 qui
1633 822 1789 911 honestum
1809 828 1906 910 ipsum

389 907 623 993 perint,iniure
631 929 764 993 quoque
771 926 904 975 naturae
910 914 964 975 vix
971 910 1038 975 sani
1047 906 1126 996 quid
1169 915 1294 976 inanem
1297 913 1365 998 sine
1378 934 1412 977 re
1418 914 1559 997 fiebietie
1566 915 1694 997 sorerem,
1708 932 1763 975 nee
1774 932 1841 976 tem
1851 914 1904 994 so.

390 994 476 1057 abiis
494 992 666 1079 exspectes.
711 998 837 1079 lmmo,
852 1018 968 1064 omnes
982 997 1046 1077 illi,
1069 998 1126 1082 qui
1169 998 1284 1080 lidum,
1311 1020 1406 1085 quem
1421 1000 1614 1085 splendidiore
1636 1020 1745 1063 nomen
1762 1019 1904 1084 pronun·

389 1078 933 1171 actionumlrumanarumumpmn
939 1080 1126 1165 statuerunt,
1168 1087 1277 1165 etant,-
1293 1086 1369 1171 qur'n
1390 1108 1444 1151 nec
1451 1086 1575 1175 flagitio
1590 1131 1600 1167 ,
1612 1087 1758 1171 facinore
1770 1128 1781 1167 ,
1794 1085 1905 1168 scelere

390 1166 672 1255 moralitatemque
694 1190 837 1235 earuma
855 1170 925 1256 lege
945 1170 1033 1237 ciuili
1045 1168 1127 1237 deri·
1163 1172 1247 1253 'vllo,
1262 1174 1345 1258 quod
1356 1172 1548 1261 voluptatem
1561 1174 1710 1251 conciliet,
1725 1174 1903 1238 lucellomue

391 1272 530 1333 uerunt,
554 1276 626 1321 non
646 1272 822 1341 potuerunt
839 1277 908 1322 non
929 1259 978 1322 ius
994 1266 1127 1325 naturae
1165 1262 1292 1345 periet,
1324 1278 1451 1345 propter
1460 1263 1494 1345 se
1515 1260 1725 1349 abstinendum
1737 1258 1902 1347 statuunt,

391 1338 520 1427 prorsus
536 1340 667 1423 tollere,
681 1362 777 1429 arque
796 1362 947 1409 euertere.
993 1347 1125 1425 Primus,
1169 1368 1237 1411 crem
1250 1346 1426 1413 huiusmodi
1438 1346 1520 1413 nihil
1528 1348 1606 1431 exj?
1618 1348 1736 1413 malurn
1749 1362 1901 1434 reputent,

391 1428 448 1512 qui
459 1446 571 1513 aperte
584 1426 619 1495 id
634 1428 724 1510 fecit,
743 1450 938 1497 nucum
951 1453 992 1497 vs
1007 1430 1079 1511 lirin,
1089 1452 1126 1496 ex
1168 1433 1386 1519 niſsstepplicii,
1401 1436 1524 1515 damni,
1540 1434 1617 1500 meli
1637 1434 1779 1500 alicuius·
1789 1437 1903 1516 insecu-

390 1513 502 1581 schola
513 1514 627 1583 Ionica
641 1515 870 1603 philosophus,
892 1514 931 1584 de
946 1540 1012 1603 quo
1031 1517 1064 1583 id
1078 1538 1127 1583 re·
1169 1524 1235 1585 turi
1248 1538 1332 1584 meru
1346 1524 1562 1600 coerceantur,
1584 1542 1638 1585 erec
1649 1540 1672 1586 a
1693 1521 1819 1586 numine
1833 1517 1902 1597 hoc,

391 1600 820 1684 serrnroo.r.nnrr1vs,
844 1603 897 1669 sib.
913 1610 952 1668 11.
959 1606 1032 1687 fi‘ti.
1043 1607 1126 1669 XVI.
1169 1630 1192 1671 a
1215 1620 1282 1693 'que
1309 1609 1393 1672 iram
1416 1608 1639 1689 vindislamree,
1672 1606 1710 1672 ob
1734 1604 1903 1694 istiusmodi

387 1707 469 1773 pure.
484 1700 534 1773 tp.
579 1691 620 1757 ln
633 1688 780 1757 camdem
794 1690 984 1757 sententiam
1006 1690 1123 1777 ingres-
1166 1697 1347 1780 quicquam,
1365 1695 1413 1762 rel
1422 1697 1592 1781 exspeliere
1606 1694 1833 1779 velformidare
1846 1712 1901 1757 oa·

390 1776 442 1841 sos
456 1776 672 1864 Cyrenaicos,
692 1798 731 1844 ex
758 1798 817 1857 eo,
846 1777 935 1863 quod
961 1779 1123 1844 summum
1166 1782 1278 1846 nitetis
1314 1784 1353 1852 θ’
1384 1781 1608 1870 superstitionis
1647 1780 1800 1860 nomine,
1838 1799 1901 1843 noer

390 1864 517 1929 bonum
530 1864 567 1929 in
579 1866 897 1951 corporisvoluptate
910 1866 1122 1945 collocarunt,
1165 1870 1319 1933 damnent
1338 1884 1480 1950 tentem,
1501 1888 1611 1935 verrem
1636 1870 1731 1933 etiam
1748 1867 1900 1947 derident,

390 1950 542 2039 colligere
559 1948 674 2018 diserte
688 1952 777 2032 sane,
791 1954 847 2038 qui
864 1972 902 2018 ex
916 1952 1048 2017 illorum
1063 1973 1123 2016 nu·
1157 1957 1215 2039 sed
1224 1956 1266 2019 ab
1280 1954 1441 2021 hominum
1452 1954 1649 2039 constitutit,
1669 1954 1724 2039 qus
1736 1954 1778 2019 ab
1790 1954 1901 2037 iniqua

336 2072 338 2123 1
389 2036 572 2119 merofuit,
593 2036 657 2104 hoc
675 2036 830 2124 professus
849 2034 893 2106 est
912 2058 1122 2119 rnronouvs,
1167 2044 1207 2114 εἴ
1210 2041 1332 2127 scelesta
1341 2042 1593 2127 perpetrantibus
1602 2058 1721 2127 poenes
1733 2041 1852 2127 exigere
1862 2056 1901 2103 ec

336 2125 340 2163 ²
389 2128 444 2211 ‘lui
459 2134 547 2205 θεῷ,
566 2121 668 2192 dietus
690 2123 750 2205 est,
768 2124 845 2192 teste
865 2123 982 2192 codem
1011 2145 1120 2192 oron.
1164 2130 1340 2195 vindiliam
1344 2131 1480 2212 sternere,
1569 2146 1628 2215 pre
1646 2128 1833 2197 alteritate
1842 2144 1904 2211 pre·

388 2230 445 2279 nu
460 2232 514 2279 nu
526 2232 573 2277 rr
589 2235 631 2291 o,
658 2211 711 2279 lib.
735 2216 779 2278 11.
789 2214 861 2295 fisi.
880 2216 989 2279 XCIX.
1008 2232 1042 2297 p.
1063 2224 1122 2296 158.
1164 2216 1262 2296 blica,
1270 2214 1338 2302 fiee
1345 2236 1404 2301 pre
1420 2218 1488 2280 viri
1509 2237 1545 2281 res
1552 2216 1690 2301 prietatis
1706 2212 1831 2288 vestrm
1845 2212 1917 2278 bos·

389 2298 576 2386 Pyrrhoniis
590 2298 643 2364 seu
655 2297 797 2385 scepticis
812 2297 884 2365 ideo
901 2297 978 2366 haec
997 2300 1123 2365 senten·
1164 2320 1270 2367 arerem
1287 2295 1528 2390 'latendifiducia
1548 2302 1636 2367 nesse
1652 2298 1737 2389 pofflt
1756 2320 1902 2385 umquam

387 2382 571 2466 tiaaelrisu,
597 2383 687 2471 quod
712 2408 787 2452 cum
811 2388 942 2452 illorum
962 2385 1121 2467 instituto,
1164 2388 1339 2464 haberi3in
1349 2390 1529 2474 praeloquio
1550 2393 1598 2455 M.
1619 2388 1724 2455 Aures.
1746 2385 1900 2454 Antonini

387 2473 817 2559 qnoomniaconuellebant,
827 2476 861 2541 &
876 2476 909 2539 in
923 2473 1121 2539 dubiumvo·
1165 2476 1248 2542 libro
1256 2472 1295 2543 de
1306 2477 1395 2540 reseres
1402 2477 1468 2560 fitis
1483 2478 1547 2546 &o
1567 2476 1745 2561 praemisso.
1774 2477 1902 2541 Stoico-

387 2562 521 2641 cabnnt,
535 2562 658 2647 egregie
674 2564 875 2627 conueniret.
920 2561 1009 2625 Hinc
1022 2580 1057 2625 vt
1070 2564 1121 2627 in·
1163 2583 1237 2627 rum
1251 2559 1382 2647 quidem
1405 2559 1617 2649 pulcherrima
1637 2558 1776 2639 exstant,
1797 2578 1833 2627 vt
1846 2579 1900 2646 ge·

336 2679 339 2687 =
385 2644 617 2714 rechoneslaac
623 2649 748 2732 turpia,
762 2651 939 2713 virtuteroc
949 2650 1038 2727 vitia,
1048 2647 1120 2711 nul·
1163 2652 1301 2715 neratim
1318 2645 1356 2715 de
1370 2648 1486 2714 morali
1500 2646 1663 2729 doclrine,
1672 2649 1717 2712 ita
1731 2648 1766 2715 &
1779 2644 1897 2733 specia-

386 2732 456 2799 lum
474 2734 536 2801 esse
555 2732 745 2813 discrimen,
769 2733 881 2799 saltem
905 2730 984 2819 quid
1014 2754 1119 2819 turpe,
1162 2739 1222 2801 tim
1235 2733 1275 2803 dc
1288 2732 1422 2821 officiis,
1443 2751 1627 2823 praerepta,
1651 2754 1791 2821 quorum
1810 2732 1897 2799 sum-

384 2816 661 2907 quidhoneslum,
699 2818 911 2901 uidiuslum,
956 2818 1119 2887 uiduein-
1161 2844 1251 2887 mam
1276 2821 1391 2890 itidem
1415 2842 1512 2889 ruo.
1542 2841 1806 2903 cernurnvs,
1835 2818 1855 2884 Ι.
1871 2836 1897 2883 e.

383 2904 515 2989 iustum,
529 2924 617 2974 certo
631 2842 792 2973 adsrmari
806 2928 876 2973 non
897 2928 941 2993 po
966 2928 999 2987 e,
1014 2905 1118 2974 osten-
1162 2908 1299 2975 exhibet.
1345 2910 1483 2989 Verum,
1507 2912 1563 2995 qui
1586 2910 1791 2996 cogitauerit,
1813 2924 1898 2993 quae

385 2993 458 3077 dat,
469 3014 584 3061 omnes
592 2997 712 3081 ingenii
724 2997 805 3061 viret
820 2991 958 3060 intendit
974 3014 1119 3060 srxrvs
1162 2997 1295 3062 illorum
1316 2991 1356 3062 de
1377 2996 1446 3061 Deo
1469 2994 1563 3061 fuerit
1582 2996 1753 3076 sententia,
1779 2996 1814 3061 δι
1828 3010 1897 3078 quo

383 3100 614 3152 mererere
621 3078 1118 3169 pyrrhoeiarlyporypofililnlll.
1163 3082 1279 3169 patio,
1294 3102 1350 3166 per
1365 3078 1548 3149 docirinam
1562 3078 1601 3149 de
1614 3080 1699 3164 sato,
1721 3083 1814 3148 omni
1835 3080 1897 3147 ho-

384 3190 413 3235 e.
431 3170 550 3236 1117.
563 3186 598 3253 p.
618 3189 660 3233 m.
681 3186 740 3251 ¹73·
753 3169 837 3253 fi’qq.
881 3168 912 3232 A
937 3165 1118 3253 Pyrrhoniis
1161 3172 1264 3233 mines
1283 3166 1409 3253 prorsus
1432 3168 1576 3237 libertate
1602 3168 1830 3256 spoliauerint,
1861 3165 1897 3233 ὅτ

384 3276 455 3323 non
466 3256 694 3343 procul'etiam
704 3254 808 3321 hocce
821 3258 855 3320 in
868 3251 1118 3339 capitediscede·
1161 3276 1242 3341 quoe
1258 3256 1379 3340 reliqua
1393 3256 1465 3321 sunt
1483 3253 1625 3322 eiusdem
1642 3256 1782 3343 generis,
1796 3274 1815 3319 a
1834 3274 1895 3317 no-

382 3344 464 3411 bant
474 3339 649 3409 academici
662 3339 812 3426 quidam,
826 3361 909 3425 quor
921 3342 1005 3407 inter
1021 3362 1070 3407 cn
1081 3362 1117 3407 n·
1161 3345 1207 3407 bis
1222 3344 1258 3406 in
1271 3340 1529 3429 dfferorionilrus
1547 3344 1585 3409 de
1604 3344 1759 3407 erroribus
1779 3341 1897 3407 stoice-

381 3450 552 3497 murs
578 3450 616 3495 ex
641 3424 789 3493 instituto
817 3424 969 3495 iustitiam
984 3425 1041 3494 fibi
1058 3448 1117 3513 op·
1159 3449 1230 3493 rum
1252 3430 1285 3491 ire
1307 3429 1450 3494 dollrira
1470 3430 1584 3494 morali
1601 3427 1761 3515 exposrm3
1784 3425 1896 3513 depre-

378 3512 592 3605 pugnandam
608 3511 724 3581 sumsit.
746 3517 915 3601 Summam
927 3512 1116 3602 disputatio·
1159 3511 1293 3594 hender,
1319 3534 1374 3579 eos
1389 3518 1556 3598 praecipua
1570 3513 1835 3600 iurisprudentiae
1846 3509 1895 3578 di-

379 3605 433 3670 nir
446 3606 514 3670 eius
530 3598 657 3667 exhibet
678 3621 964 3682 anrnurrvr,
987 3599 1117 3688 institut.
1159 3606 1255 3668 uinae
1269 3598 1464 3667 labefactasse
1485 3597 1702 3666 fundamenta.
1747 3601 1824 3664 Prae
1845 3618 1895 3663 re·

379 3690 520 3755 dietim.
534 3688 588 3753 lib.
606 3692 642 3753 V.
656 3708 682 3753 c.
698 3690 786 3753 XVI.
807 3688 859 3753 Ab
874 3690 1014 3773 Epicuro
1024 3708 1115 3768 vero,
1160 3690 1255 3775 liquis
1278 3706 1388 3753 tamen
1413 3690 1448 3753 in
1475 3685 1538 3752 hac
1562 3683 1786 3773 philosophiae
1806 3700 1895 3770 parte

380 3780 515 3859 eiusque
538 3774 769 3854 sectatoribus,
797 3776 893 3859 quale
916 3772 1048 3840 demum
1068 3778 1116 3839 ius
1159 3798 1215 3841 eos
1231 3771 1419 3840 industriam
1431 3774 1520 3840 suam
1540 3774 1723 3853 collocasse,
1745 3770 1821 3838 inde
1837 3792 1892 3856 pa-

379 3878 520 3928 naturae
538 3862 598 3926 ribi
617 3860 794 3947 pollicearis
810 3864 890 3945 iqui
904 3880 1032 3927 remoto
1042 3882 1116 3945 pro·
1161 3880 1224 3942 tet,
1239 3883 1306 3946 quo
1318 3861 1375 3926 soli
1392 3861 1454 3927 fere
1471 3885 1523 3944 mr
1536 3878 1698 3940 „nouom
1712 3859 1762 3925 scu
1783 3860 1819 3921 de
1832 3854 1895 3943 offi-

381 3946 441 4013 cul
453 3942 724 4013 archushumanis
742 3950 907 4027 Numine,
926 3970 997 4012 non
1019 3952 1115 4013 alium
1157 3951 1214 4013 ciis
1226 3948 1413 4031 scripserint.
1458 3948 1554 4012 Certe
1561 3948 1682 4030 primus
1698 3968 1750 4028 „pr
1763 3959 1797 4013 τε
1813 3953 1893 4021 ears·

376 4032 554 4103 aelionunr
563 4028 740 4100 nostrerum
752 4054 920 4113 normam,
934 4055 1031 4119 quam
1052 4036 1114 4099 vti·
1157 4057 1252 4114 „mm
1266 4035 1385 4099 librum
1405 4030 1616 4117 composuisse
1640 4027 1764 4097 videtur
1784 4046 1892 4093 znuo

376 4123 534 4201 litarem,
557 4119 740 4207 agnoscunt.
783 4126 878 4189 Retia
898 4142 986 4200 nero,
1008 4124 1114 4207 inquit
1156 4120 1310 4201 Cittieur,
1325 4140 1360 4186 vr
1375 4140 1412 4186 ex
1427 4142 1448 4185 n
1459 4139 1540 4184 roo.
1551 4139 1598 4184 ru
1609 4136 1736 4185 rnrro
1750 4113 1893 4200 colligas,

376 4230 400 4277 τ
412 4230 438 4277 rr
449 4228 484 4275 ο.
511 4226 782 4288 onrnurrvs,
810 4208 852 4271 ab
878 4208 922 4270 eis
945 4227 1110 4292 quaenam,
1156 4206 1289 4273 tinVlr.
1298 4208 1371 4287 seer.
1385 4210 1441 4271 IV.
1456 4207 1494 4276 ὅ
1507 4208 1602 4270 XXV.
1646 4204 1747 4269 Hunc
1763 4220 1893 4285 excepe-

374 4292 1110 4381 aerquerfimrquisexspeuer?qoiamicieiem,
1153 4310 1229 4358 runt
1260 4312 1537 4371 currsrrrvs,
1568 4292 1602 4359 δι
1629 4307 1890 4364 cunnurunr,

365 4382 486 4473 fidem,
501 4379 665 4467 iustitiam,
678 4384 828 4445 virtutem
839 4380 956 4460 vllam,
971 4378 1109 4465 nistpro-
1153 4382 1354 4444 velencio.
1378 4398 1574 4444 uturum
1598 4376 1824 4455 obseruatum,
1848 4370 1891 4439 ad

367 4467 443 4557 prii
452 4468 507 4533 vel
514 4466 710 4533 emolumenti
724 4468 773 4532 nes
782 4468 995 4531 olreuamenu
1012 4468 1108 4531 intui·
1151 4468 1284 4530 Lreeiani
1323 4468 1567 4547 Hermotimum,
1603 4480 1678 4529 tom.
1705 4466 1731 4529 1.
1761 4480 1795 4545 p.
1817 4467 1890 4542 568.

372 4572 428 4637 tre,
442 4554 635 4636 neccesarrt,
650 4554 1113 4636 neccolerrdnmcenfiantecrem
1155 4573 1370 4618 rnunnrrr
1396 4552 1514 4617 librum
1548 4575 1603 4635 up
1627 4563 1791 4630 urion&
1821 4568 1891 4613 non

371 4642 454 4713 nuit
461 4642 687 4729 bomperst
697 4641 944 4728 bonum,flriqree
954 4642 1110 4730 ceuffieex-
1153 4656 1280 4795 tantu&
1297 4660 1391 4705 crcr
1401 4660 1453 4706 no
1466 4652 1646 4718 memorat,
1660 4632 1714 4706 sed
1738 4632 1902 4785 huncne:

1285 4746 1321 4792 ¹¹²
1343 4744 1363 4809 3
