5259 5967
584 696 652 769 DE
673 696 992 769 THEOLOGIA
1014 700 1243 771 THETICA
1266 704 1355 771 SEV
1378 705 1713 779 DOGMATlCA.
1848 733 1910 801 393

383 794 1034 829 affin-m
1049 812 1877 839 -m———m-

413 854 472 897 -““·
499 850 647 949 §.XlX
673 848 839 943 Illorum,
860 849 925 951 qui
939 850 1011 925 tite
1025 849 1067 926 in
1088 848 1294 953 dogmatica
1318 848 1509 952 theologia
1527 852 1711 954 proficere
1732 858 1900 959 cupiunt,
1958 874 1960 881 '

385 970 515 1059 partes
530 944 627 1043 sunt,
640 968 682 1025 vt
694 948 860 1027 animum
875 948 945 1025 tite
961 947 1186 1053 dispositum,
1200 948 1239 1025 dt
1254 948 1582 1051 praeiudicatamm
1599 953 1826 1055 opinionum
1834 982 1897 1035 ex-

387 1042 677 1157 pettemsecum
690 1045 879 1135 adferantt
904 1051 921 1087 *
947 1068 990 1124 vt
1033 1046 1171 1127 enerali
1192 1048 1348 1162 quadam
1370 1046 1548 1126 sacratum
1569 1049 1770 1128 litterarum
1796 1055 1896 1131 noti-

389 1147 529 1227 tiaiam
548 1142 784 1233 lintimbutit
810 1152 843 1191 ⁴*
868 1170 941 1223 nee
953 1072 1064 1224 mdes
1078 1148 1188 1251 plane
1202 1159 1273 1224 lint
1286 1148 1432 1251 linguae
1444 1174 1592 1249 graecae
1606 1176 1647 1227 ac
1661 1152 1826 1237 ebraeae;
1848 1158 1896 1196 ”⁸

389 1244 598 1326 vtirtitium
612 1242 749 1323 faciant
762 1268 782 1323 a
796 1245 984 1355 theologia
997 1246 1232 1339 cateehetica,
1253 1246 1292 1323 dt
1308 1247 1359 1323 ita
1381 1246 1427 1323 ad
1446 1249 1721 1325 acroamaticam
1740 1276 1894 1353 progre-

388 1344 559 1431 diantun
583 1346 602 1383 '
625 1343 776 1423 vtillant
793 1370 881 1422 curn
897 1345 966 1421 hac
979 1343 1123 1447 semper
1136 1345 1384 1449 ooniurtgantr
1411 1351 1444 1385 ⁴*
1481 1367 1522 1423 vt
1538 1372 1631 1449 quae
1653 1374 1700 1424 ex
1730 1372 1799 1426 ore
1817 1376 1893 1429 tna-

388 1442 491 1547 gistri
506 1440 740 1539 audiuetune
754 1440 917 1520 leslione
934 1468 1006 1521 aer
1056 1446 1214 1523 stitione
1234 1444 1474 1538 confirment,
1491 1445 1734 1523 meditatione
1751 1447 1793 1525 in
1813 1448 1892 1528 sue-

389 1567 478 1623 curn
492 1538 758 1645 &sanguinem
772 1564 1008 1637 oonuertant,
1075 1542 1379 1651 adplicationead
1394 1542 1495 1622 vsum
1517 1543 1745 1623 transferant
1771 1551 1821 1590 *⁸⁸

496 1659 514 1695 '¹
532 1655 735 1745 Praeparatio
759 1656 814 1724 illa
840 1674 938 1745 atque
954 1654 1120 1745 dispositio
1163 1661 1302 1745 tingeret
1329 1660 1476 1738 felicitas,
1512 1682 1609 1749 quem
1631 1662 1742 1728 Paulus
1770 1661 1890 1745 iaudat,

387 1744 495 1811 animi
509 1744 545 1809 in
560 1764 601 1811 eo
616 1739 812 1825 consistitis
824 1748 895 1831 quis
908 1766 977 1811 non
990 1760 1120 1813 tantum
1162 1744 1252 1833 quod
1274 1755 1326 1807 aar
1338 1759 1436 1821 saeue
1457 1746 1555 1817 fictas
1581 1750 1699 1816 litteras
1724 1748 1890 1831 didicisset,

387 1832 564 1922 percipere,
586 1846 681 1983 atrpue
702 1832 877 1919 intelligere
898 1832 1050 1919 dogmata
1071 1834 1119 1901 sa·
1159 1834 1430 1916 11.rim.111,15.

386 1935 574 2003 cratqueate
595 1916 624 1983 se
658 1914 697 1985 de
717 1919 849 1985 illorum
869 1923 1000 1987 veritate
1020 1916 1118 1986 sirmi-
1248 1922 1295 1964 ***
1316 1920 1497 2005 Scripturae
1510 1925 1597 1987 enim
1615 1919 1889 2011 testimoniam·

387 2006 616 2085 terconuinci,
633 2022 670 2070 vt
692 2006 843 2073 voluntas
861 2002 955 2072 simul
973 2004 1013 2071 ad
1029 2006 1120 2074 obse·
1164 2010 1222 2075 bus
1251 2003 1405 2094 dogmata
1428 2006 1512 2073 sacta
1534 2010 1722 2093 probantur,
1761 2032 1799 2079 ex
1814 2009 1888 2097 ipsis
2000 2078 2003 2085 ,

411 2092 505 2159 nium
537 2088 697 2160 fledatur.
764 2094 920 2180 Plerisque
946 2090 1118 2175 sufficit,s1
1161 2095 1306 2160 sontibus
1321 2091 1395 2160 sunt
1408 2094 1603 2180 explicanda,
1621 2119 1661 2162 ne
1675 2096 1766 2177 sorte,
1783 2095 1888 2165 srver·

385 2114 544 2265 dogmata
576 2176 761 2266 theologica
788 2198 963 2269 secumque
1000 2182 1118 2248 intelli·
1161 2181 1208 2250 sto
1222 2185 1321 2247 textui
1337 2182 1484 2271 originali
1503 2204 1573 2248 non
1595 2183 1795 2270 respondeat,
1819 2206 1887 2252 nra-

386 2283 590 2357 ganneaque
611 2269 729 2332 iterum
753 2270 895 2350 recitare,
916 2270 1047 2355 aliisque
1067 2272 1117 2335 in-
1160 2286 1362 2355 gnoconatu
1382 2269 1465 2335 nihil
1482 2289 1623 2355 agamus.
1693 2272 1886 2357 Repetenda,

389 2354 515 2421 culcare
528 2348 662 2439 polstnta
687 2351 726 2421 de
741 2376 881 2442 quorum
902 2374 1014 2423 tamen
1034 2358 1116 2423 reti·
1158 2377 1243 2445 quae
1261 2353 1300 2424 de
1315 2356 1491 2443 utriusque,
1500 2378 1629 2441 graecae
1642 2358 1675 2422 &
1690 2360 1818 2425 cbraeae
1827 2361 1887 2425 lin-

385 2460 465 2522 tate,
479 2439 559 2507 serio
572 2437 597 2507 li
608 2441 641 2507 se
655 2440 740 2526 ipsos
757 2444 921 2530 explorare
940 2444 1070 2522 vellent,
1088 2443 1119 2509 se
1160 2464 1241 2530 guae
1255 2437 1452 2522 neceslitare,
1473 2440 1726 2527 supradiximus,
1745 2444 1798 2510 lib.
1819 2451 1844 2509 1.
1860 2468 1884 2511 c.

386 2530 525 2595 minime
545 2528 726 2607 conuislos,
749 2526 971 2616 deprehensuti
997 2528 1117 2605 elsenta
1160 2534 1216 2597 IV.
1232 2541 1267 2610 p.
1283 2532 1319 2594 V.
1332 2530 1371 2600 ὅ
1386 2532 1440 2595 VI.

386 2616 495 2683 multo
511 2618 617 2681 minus
629 2634 740 2681 autem
751 2613 784 2682 id
793 2634 899 2703 agunt,
915 2636 953 2683 vt
966 2620 1031 2684 vita
1042 2638 1116 2685 mo-
1246 2620 1264 2659 ⁴¹
1286 2616 1384 2682 Ratio
1404 2613 1471 2702 ipsa
1497 2611 1630 2697 trinitat,
1653 2640 1672 2681 a
1692 2614 1885 2683 facilioribus

386 2700 592 2787 ribnsqunse
606 2702 777 2769 conuislos
796 2705 866 2785 else,
885 2700 1114 2775 demonstrent.
1182 2724 1219 2770 ro
1242 2700 1432 2769 rediendum
1466 2702 1525 2769 csse
1556 2700 1596 2769 ad
1623 2699 1821 2781 difficiliora,
1849 2705 1883 2771 δε

386 2790 540 2875 Cumque
550 2790 634 2855 inter
647 2790 720 2871 alia,
737 2812 818 2875 quae
836 2792 975 2857 veritatis
999 2793 1113 2879 agniti·
1156 2724 1364 2857 handamenta
1373 2788 1522 2855 adcurate
1529 2790 1783 2877 ptiusponentla,
1811 2813 1884 2856 uarn

386 2896 501 2957 onem,
515 2877 696 2961 mentisque
713 2876 958 2943 conuidionem
980 2875 1117 2963 impedi·
1160 2875 1200 2945 de
1216 2882 1266 2959 iis,
1280 2898 1361 2963 quae
1375 2878 1434 2941 illis
1453 2874 1619 2960 superstrui
1642 2896 1771 2964 queant,
1786 2814 1883 2944 simus

386 2981 460 3043 unt,
483 2960 714 3048 praeiudicatae
739 2964 791 3030 hic
811 2964 841 3028 se
863 2965 958 3031 nobis
978 2964 1117 3043 offerant
1159 2965 1294 3031 solliciti.
1362 2960 1462 3044 Qtod
1485 2966 1614 3047 plurimi
1648 2970 1681 3030 in
1717 2962 1882 3051 theologia

387 3049 580 3135 opinionest
603 3045 642 3116 de
656 3052 693 3115 iis
707 3048 837 3137 quidem
852 3049 1002 3119 exuendis
1014 3074 1053 3118 ac
1065 3074 1114 3118 re·
1157 3051 1372 3119 acroamatica
1385 3070 1498 3134 partun
1520 3068 1574 3117 aut
1597 3049 1676 3115 nihil
1698 3047 1881 3135 proficiant,

385 3132 560 3203 mouendis
575 3132 757 3223 theologiae
771 3138 876 3205 cultor
892 3141 1031 3207 maxime
1050 3138 1112 3205 sol·
1155 3135 1244 3206 haud
1256 3158 1329 3203 rato
1345 3132 1421 3204 inde
1433 3138 1546 3216 oritur,
1561 3135 1650 3222 quod
1667 3136 1813 3206 doesrina
1830 3160 1880 3203 ca·

385 3220 567 3291 licitusesse
581 3220 684 3303 debet,
722 3225 767 3289 ita
790 3241 909 3306 tamen,
944 3247 996 3307 ne,
1032 3224 1111 3293 dum
1155 3224 1310 3293 techetica
1325 3244 1394 3289 non
1409 3223 1493 3291 κᾶε
1506 3224 1633 3305 imbuti,
1646 3222 1688 3295 ad
1703 3246 1773 3291 eam
1791 3245 1886 3293 acce·>

386 3306 581 3399 praeiudicia
592 3310 791 3379 austeritatis
805 3315 916 3393 euitat,
929 3310 969 3381 ad
976 3313 1111 3380 alterum
1153 3310 1243 3380 dant.
1265 3308 1426 3379 Ordinem
1440 3328 1518 3377 vero
1535 3309 1656 3379 huncce
1671 3312 1802 3398 ipsemet
1820 3334 1879 3378 no·

386 3416 565 3467 extremum
579 3396 808 3484 procurrendo,
844 3401 943 3479 inea,
970 3421 1053 3486 quae
1073 3420 1112 3467 ex
1153 3401 1203 3469 bis
1213 3395 1422 3467 commendat
1434 3396 1597 3485 apostolus
1620 3402 1691 3465 rra.
1710 3404 1800 3481 V,rJ.
1811 3421 1856 3482 14.

383 3486 630 3573 praecipitantia
652 3488 812 3572 originem
825 3484 958 3567 ducunt,
980 3485 1111 3555 incidat.
1243 3490 1274 3528 *⁸
1332 3489 1364 3551 tri
1387 3489 1475 3550 enim
1498 3481 1561 3550 hoc
1585 3487 1761 3573 negligunt,
1782 3510 1878 3571 quae-

384 3568 446 3643 Sed
459 3568 584 3639 dissum
596 3574 662 3637 iam
676 3571 736 3638 ltac
749 3569 788 3639 de
799 3594 832 3642 re
857 3573 953 3661 supra'
970 3572 1024 3641 est.
1152 3570 1307 3641 [lienibus
1322 3572 1518 3649 sublimibus,
1541 3571 1628 3656 saepe
1649 3576 1682 3639 ὃ(
1704 3570 1878 3639 curiofitan

426 3662 460 3703 ¹¹*
480 3654 673 3744 Exquilitior
688 3662 775 3726 enim
786 3660 896 3728 abillis
912 3657 1049 3728 demum
1058 3680 1112 3728 ex·
1155 3663 1258 3748 magis
1270 3658 1524 3736 insanientibus,
1546 3680 1644 3744 quana
1664 3658 1878 3726 commodum

381 3743 566 3835 speetanda,
582 3749 639 3833 qui
651 3744 1113 3898 theoloptaeexegeticaeope·
1153 3743 1289 3834 aliquod
1319 3743 1544 3821 adserentibus,
1572 3748 1618 3813 ita
1638 3743 1876 3822 adhaerescunt,

384 3855 455 3901 tarn
468 3852 639 3915 nauatunt,
652 3835 705 3898 cui
721 3836 785 3919 ipa
802 3831 964 3922 theologia
978 3833 1112 3922 dogma·
1154 3851 1189 3902 vt
1202 3832 1332 3900 tandem
1346 3830 1547 3913 catechetica,
1563 3833 1597 3899 dc
1611 3853 1692 3919 quae
1702 3831 1743 3899 ad
1764 3827 1875 3897 sunda-

386 3924 449 3989 tioa
462 3919 606 3989 inseruit.
649 3922 765 4006 Siquis
776 3922 1111 4008 autemgeneraliscri·
1154 3940 1304 3989 mentum
1312 3923 1492 4071 pertinent,
1505 3918 1630 3986 sordere
1645 3923 1685 3985 iis
1706 3921 1874 4003 incipiant.

481 4009 639 4086 enotitia,
654 4030 735 4093 quae
749 4008 783 4075 dt
795 4010 830 4074 in
843 4011 1019 4096 quemlibet
1027 4007 1110 4076 chti-
1153 4012 1242 4077 Hinc
1263 4009 1298 4075 dt
1324 4011 1403 4072 actis
1417 4002 1528 4073 officiis
1540 4005 1676 4085 admoti,
1703 4004 1745 4073 ad
1765 4001 1876 4070 rudio-

413 4098 420 4111 ’
442 4116 525 4162 num
538 4092 633 4176 cadit,
649 4097 759 4163 saltem
780 4093 944 4178 historica,
967 4099 1109 4163 imbutus
1152 4118 1226 4175 runt
1250 4092 1425 4161 hominum
1443 4091 1692 4171 institutionem,
1706 4112 1789 4177 quae
1809 4112 1877 4157 tna-

381 4178 524 4259 pensita
540 4180 595 4249 ille
614 4203 744 4270 quoque
761 4186 816 4249 virt
834 4187 948 4270 capiet,
969 4205 1053 4271 quae
1073 4186 1109 4250 in
1149 4186 1235 4253 ainie
1247 4178 1415 4249 necelsaria
1431 4178 1484 4261 en,
1503 4199 1626 4266 quaeue
1644 4180 1732 4245 nulla
1751 4180 1876 4245 ratione

380 4270 549 4359 theologia
570 4266 751 4355 dogmatica
771 4269 950 4339 traduntur.
994 4274 1108 4356 Super·
1151 4270 1320 4340 intermitti
1331 4264 1436 4350 debet,
1446 4266 1571 4356 prorsus
1588 4265 1662 4333 sunt
1680 4268 1792 4352 inepti.
1836 4266 1876 4331 Et

381 4377 562 4427 namneum
575 4354 658 4424 foret
672 4354 738 4424 hoc
754 4379 899 4441 monete,
911 4355 971 4425 nili
985 4360 1108 4444 expeti·
1149 4364 1194 4428 ita
1205 4380 1265 4425 nec
1279 4357 1362 4436 suae,
1377 4378 1437 4424 nec
1449 4356 1588 4423 aliorum
1607 4353 1690 4422 rctle
1712 4352 1874 4422 consulere

378 4446 470 4515 entia
491 4442 633 4524 doceret,
660 4444 830 4528 scripturae
850 4448 954 4514 sacrae
966 4448 1106 4515 tradati-
1147 4447 1239 4516 saluti
1261 4442 1401 4531 possunt.

382 4550 566 4601 onemtum
587 4533 622 4597 in
640 4530 766 4611 scholis,
804 4531 1107 4602 tumindomestica
1231 4532 1277 4569 m
1297 4527 1500 4597 conserenda
1522 4528 1585 4609 hic,
1610 4548 1692 4614 quae
1711 4526 1804 4612 supra
1821 4522 1874 4591 lib.

381 4618 585 4687 institutione
601 4621 698 4684 nimis
720 4619 849 4709 neg-ligi.
916 4618 1119 4709 Optandum‘
1150 4621 1250 4704 sper
1261 4618 1423 4703 integrum
1436 4637 1461 4680 c.
1473 4620 1532 4682 Ill.
1552 4614 1679 4699 copiose
1699 4611 1758 4680 hae
1777 4609 1816 4682 de
1841 4632 1873 4678 te

380 4710 502 4795 itaque,
515 4724 564 4787 vt,
579 4728 661 4792 quae
675 4706 865 4790 Timotheo,
881 4710 1033 4777 omuibus
1049 4709 1109 4776 ob·
1150 4703 1504 4860 diximtg,gttdmptinris
1519 4710 1550 4785 §.
1564 4705 1653 4770 XIV.
1659 4703 1744 4786 seqq.

379 4822 382 4827 ·
442 4816 522 4865 svn.
547 4813 699 4864 rsaeoes.
1478 4854 1481 4861 .

1790 4782 1877 4849 Lrbtr
