5259 5967
960 626 1699 749 orrnrorocrasunuorrcn
2006 696 2072 763 397

552 814 624 915 quo
651 822 836 911 symbolum
862 816 967 887 hocce
994 816 1212 905 compositum
1235 816 1285 901 stt,
1329 832 1879 901 uranus,avseervs,rr1uaetvs,
1910 840 2067 888 ctnrruve

553 908 790 1005 quodattinetp
812 906 899 987 sunt,
918 906 975 1007 qui
990 924 1119 993 putant,
1144 902 1285 1006 singulos
1327 904 1647 995 Hierosolymitanus
1666 952 1688 1007 ,Ι
1719 902 1972 1009 praestantissimi
2008 925 2067 995 per

553 991 1284 1167 ssssssssttiti⁰¹lfflfflllll253.
1331 1010 1430 1169 22¹3&
1432 986 2062 1149 ltn³ssstnilz¹1ilts³5ssl¹tlltil

554 1178 595 1247 da
609 1176 643 1239 in
657 1168 1147 1253 Deeempeteemommpaeeatem,
1160 1165 1284 1235 Andre·
1329 1168 1485 1256 symbola,
1523 1168 1585 1235 alia
1604 1188 1734 1255 quoque
1746 1171 1782 1235 in
1804 1167 1950 1235 conciliis
1964 1190 2060 1233 oecu-

555 1284 629 1330 am:
664 1259 705 1329 ὅ
726 1257 760 1320 in
781 1256 878 1337 lesum
904 1252 1055 1341 Christum
1075 1254 1181 1341 filium
1209 1257 1283 1337 eius,
1329 1258 1475 1337 metricis,
1496 1254 1656 1335 Nicaeno,
1677 1252 2060 1342 Constantinopolitano-

554 1349 728 1417 lacobum:
748 1343 804 1427 qul
816 1339 1027 1427 conceptuscst
1048 1342 1284 1427 despiricufien·
1328 1364 1401 1430 que,
1436 1340 1569 1409 condita
1592 1360 1647 1409 aut
1662 1338 1864 1423 confirmata,
1890 1341 2061 1429 apostolici

555 1435 696 1517 clnct‘c.
739 1432 787 1497 lta
801 1428 916 1495 audior
930 1427 1076 1495 homiliae
1098 1449 1287 1499 avcvsrnco
1330 1430 1420 1497 nulia
1445 1428 1527 1497 faeta
1544 1430 1722 1497 mentione.
1786 1427 1995 1509 Testimonia‚
2018 1424 2060 1496 ad

555 1520 731 1605 adscriptae
750 1514 939 1603 eepmbolo,
966 1538 1047 1601 quae
1066 1518 1102 1581 in
1121 1538 1209 1584 noua
1227 1518 1286 1586 Be·
1329 1538 1411 1605 quae
1437 1516 1524 1583 secus
1548 1516 1716 1583 sentientes
1743 1535 1938 1603 prouocant,
1975 1512 2058 1583 nihil

556 1608 799 1675 nedidiuorum
825 1599 968 1669 editione
993 1606 1076 1668 inter
1090 1602 1195 1688 spuria
1208 1604 1287 1671 tami
1328 1606 1485 1690 probant,
1529 1626 1605 1670 curn
1628 1621 1683 1670 aut
1702 1625 1742 1671 ex
1759 1603 1817 1670 scri
1841 1608 1880 1670 tis
1895 1604 2006 1690 spuriis
2021 1624 2059 1669 ac

558 1700 600 1764 V.
621 1690 731 1773 exstat,
756 1690 851 1789 fi’rne.
880 1694 994 1754 CCXL.
1015 1691 1048 1757 &
1070 1691 1182 1769 audior
1204 1693 1284 1759 alius
1326 1688 1542 1777 supposititiis,
1560 1708 1668 1758 auter
1692 1627 1850 1759 eiusmodi
1872 1690 2058 1759 aridioribus

555 1782 722 1859 sermonis,
729 1772 912 1864 quiibrdem
920 1774 1046 1861 legitur,
1054 1799 1139 1842 num.
1152 1783 1282 1845 ccxli.
1325 1778 1517 1864 deprompta
1532 1774 1604 1861 sint,
1618 1798 1758 1862 quorum
1772 1776 1832 1845 hac
1847 1780 1884 1844 in
1905 1800 1939 1845 re
1966 1776 2057 1844 nulla

555 1886 789 1953 unoquoque,
804 1860 885 1950 epist.
898 1866 1030 1929 llllVll.
1045 1885 1127 1931 vnn
1137 1885 1289 1933 aurive
1333 1865 1378 1933 est
1393 1864 1574 1931 audioritas.
1618 1866 1707 1930 Hinc
1723 1867 1757 1933 ἀ
1773 1887 1810 1931 ex
1825 1861 1896 1952 ipsu
1904 1882 2058 1931 romanae

556 1972 845 2045 ronrvunrvs,
859 1952 895 2015 in
906 1949 1019 2037 exegefi
1017 1951 1153 2035 symboli
1171 1952 1288 2038 aposto·
1332 1948 1477 2021 ecclefiae
1501 1948 1633 2018 addictis
1656 1948 1794 2033 suerunt,
1831 1955 1888 2038 qui
1972 1952 2058 2018 osce·

553 2042 620 2124 lici,
637 2058 875 2119 rtnnrnrvs,
889 2036 1002 2103 saeculi
1017 2038 1126 2105 ostani
1140 2038 1287 2125 scriptor,
1331 2058 1414 2117 rent,
1433 2038 1616 2127 symbolum
1631 2036 1733 2106 hocce
1748 2040 1788 2104 ab
1809 2037 1923 2125 aposto
1940 2044 1964 2104 's
1978 2059 2059 2105 con·

555 2128 598 2199 de
615 2129 705 2195 libris
714 2125 883 2207 ,canonicia
896 2127 931 2189 in
943 2124 1093 2190 anatella}
1103 2146 1149 2190 ro.
1166 2146 1286 2193 narru-
1330 2125 1434 2192 ditum
1457 2147 1524 2191 non
1544 2124 1614 2192 esse.
1679 2146 1796 2192 aava.
1817 2146 1959 2193 vaura
1985 2146 2057 2192 non

556 2238 665 2296 roan,
679 2232 754 2279 tom.
772 2216 831 2278 IV.
838 2229 873 2295 p.
878 2230 950 2293 575.
963 2228 1019 2276 aut
1035 2210 1209 2278 secundum
1223 2235 1284 2279 no·
1329 2232 1470 2294 tantum,
1487 2215 1526 2279 ab
1540 2208 1690 2297 apostolis
1705 2210 1785 2279 iliud
1796 2212 2060 2296 consedumme·

553 2324 634 2371 uam
649 2300 826 2367 editionem
840 2317 874 2382 p.
894 2304 940 2363 lo‘.
1006 2296 1232 2379 Quorumdam
1247 2319 1285 2367 ex
1328 2303 1428 2387 gauit,
1451 2297 1501 2366 sed
1521 2302 1670 2379 omnino,
1691 2301 1726 2366 in
1747 2302 1889 2367 concilio
1906 2302 2056 2366 Nicaeno

556 2390 642 2461 hisce
656 2384 838 2453 testimonia
852 2388 974 2465 recitat,
990 2384 1022 2451 dt
1045 2386 1106 2451 alia
1119 2383 1284 2453 adhucad·
1329 2383 1715 2473 compostum‚adseruit;
1738 2391 1772 2451 in
1785 2388 1926 2451 antidoto
1935 2389 1969 2451 in
1978 2391 2056 2471 Pog-

554 2476 614 2557 dit,
630 2496 686 2542 ιο.
701 2494 791 2540 aru.
806 2493 926 2539 rarat
937 2492 975 2537 cr
985 2493 1036 2551 vs,
1051 2474 1087 2537 in
1101 2474 1198 2537 codice
1209 2494 1284 2559 apo·
1321 2476 1422 2561 glum,
1441 2473 1494 2539 lib.
1505 2477 1562 2540 lV.
1572 2492 1605 2558 p.
1619 2495 1682 2558 ²²5·
1689 2474 1773 2558 seqq.
1790 2470 1874 2538 vnde
1889 2491 2055 2557 excerptus

555 2562 668 2651 trypho
688 2562 764 2625 noui
785 2558 965 2644 testamenti,
997 2576 1083 2642 part.
1100 2564 1158 2625 lll.
1198 2580 1283 2647 459.
1328 2558 1372 2627 est
1385 2562 1510 2629 libellus
1532 2564 1732 2647 Argentoruti
1756 2578 1837 2641 1522
1860 2557 1974 2636 editus,
2005 2560 2056 2623 in·

544 2656 634 2736 seqq.
678 2648 732 2713 Vti
747 2665 854 2712 autem
867 2643 991 2711 ludicra
1006 2646 1133 2729 prorsus
1204 2644 1283 2715 haec
1326 2647 1534 2734 scriptusque:
1557 2648 1711 2712 calumnia
1724 2646 1892 2733 theologica
1918 2650 2058 2711 Lauren·
2172 2638 2174 2643 ’

555 2736 721 2816 sententia,
736 2734 771 2801 dc
782 2734 876 2799 omni
897 2730 1073 2798 destituitur
1092 2732 1282 2801 fundamen·
1326 2736 1370 2800 tio
1388 2734 1520 2820 Vallenst
1542 2734 1678 2820 Neapoli
1694 2735 1770 2800 olim
1788 2734 1956 2813 intentata,
1974 2732 2059 2817 qaod

555 2842 614 2903 t0‚·
637 2826 684 2889 ita
698 2822 834 2888 certiora
859 2839 928 2883 non
950 2816 1034 2900 sunt,
1068 2840 1150 2905 quae
1169 2823 1224 2887 alii
1243 2818 1283 2889 de
1326 2824 1453 2909 negeffie
1457 2820 1629 2909 symbolum
1641 2823 1837 2886 membratim
1849 2820 2057 2885 articulatim·

553 2911 696 2978 formula
711 2905 807 2974 hacce
826 2925 881 2990 per
900 2904 1057 2972 sermones
1078 2908 1164 2973 vitro
1187 2912 1284 2975 citro·
1327 2930 1385 2995 quc
1392 2928 1451 2995 per
1469 2908 1618 2994 apostolos
1634 2908 1685 2995 effe
1704 2907 1905 2993 canapoſsteem.
1950 2910 2000 2974 Sic
2021 2907 2056 2973 dc

554 3018 620 3085 que
633 2993 757 3061 habitos
779 2995 986 3075 concinnata,
1010 3011 1066 3059 aut
1084 3014 1101 3059 e
1121 2991 1215 3061 sacris
1234 2996 1285 3061 lit·
1329 3016 1463 3062 nasto.
1481 3016 1666 3061 raasravs
1680 2990 2057 3073 Roterodamenfis,cum

555 3102 697 3153 terarum
711 3082 931 3147 monumentis
944 3077 1021 3146 hinc
1035 3078 1111 3147 inde
1123 3076 1282 3169 congesta,
1329 3083 1577 3167 inpraesaeione
1598 3083 1631 3145 in
1657 3078 1857 3145 llaeebaeum
1881 3077 2055 3167 scripfisset:

554 3172 591 3239 ἀ
608 3169 778 3237 communi
803 3165 950 3253 suffragio
973 3167 1153 3253 perscripta,
1187 3169 1282 3235 nobis
1313 3169 1495 3254 symbolam,
1527 3190 1569 3232 aee
1596 3168 1638 3231 al
1657 3166 1795 3255 apqtolis
1816 3168 1974 3253 prodirem
1984 3166 2057 3253 fit?

555 3274 696 3327 narrant.
741 3250 905 3337 Qui,s1ne
928 3254 1067 3319 aliorum
1090 3256 1282 3340 scriptorum
1325 3258 1432 3337 nescio,
1453 3276 1586 3340 eamque
1606 3255 1650 3320 ob
1673 3254 1810 3322 caussam
1829 3252 2055 3323 mnaisirorum

552 3342 755 3415 adminiculis
771 3362 808 3407 ex
834 3338 960 3425 spiritus
979 3340 1077 3406 sandi
1108 3340 1282 3425 subgestio·
1327 3338 1539 3408 i'arisrensrum
1562 3342 1727 3407 censuram
1748 3324 1942 3417 incurrissem
1965 3341 2054 3407 suam

553 3452 598 3501 ne
611 3428 796 3518 symbolum
810 3424 909 3491 hocce
923 3430 963 3490 ab
977 3426 1132 3513 apostolis
1146 3448 1219 3492 com
1245 3448 1282 3491 o·
1324 3449 1363 3493 ex
1379 3424 1526 3495 instituto
1542 3426 1719 3493 uindicauit
1731 3427 1932 3507 sententiam,
1956 3431 1990 3493 in
2003 3430 2054 3491 ele-

552 3516 651 3587 fitum
664 3510 883 3591 contendunt,
906 3512 986 3579 illud
1008 3511 1160 3579 diuinitus
1183 3449 1281 3599 mfpi-
1325 3514 1546 3579 claraeioeilus
1565 3514 1609 3578 ael
1620 3516 1775 3595 censuram
1782 3515 1948 3595 facultatis
1963 3515 2057 3579 Pari·

552 3626 660 3675 rarum
674 3603 812 3679 censent,
822 3597 966 3685 adeoque
981 3598 1127 3666 eamdem
1142 3621 1206 3685 qua
1212 3599 1283 3665 scri·
1315 3600 1429 3687 stenfis,
1443 3604 1492 3664 tlt.
1506 3604 1560 3666 XI.
1575 3601 1721 3664 declarat.
1737 3601 1881 3666 XXXVI.
1903 3594 1977 3664 eim.
1998 3603 2054 3667 lX.

554 3713 651 3781 ptura
665 3690 748 3755 sacra
761 3689 861 3773 pollet
875 3688 999 3753 illinon
1013 3687 1150 3753 tribuere
1163 3706 1283 3773 neque·
1324 3709 1406 3752 aer.
1418 3706 1450 3771 p.
1471 3706 1537 3769 700.
1581 3686 1642 3751 His
1652 3705 1694 3753 ¹en
1706 3688 1934 3753 recentioribus
1947 3706 2053 3752 acces-
2162 3706 2164 3713 ·

553 3778 864 3849 untaudioritatcm.
908 3771 969 3838 Sed
990 3772 1199 3841 haecomnia
1217 3773 1282 3839 sru-
1350 3793 1363 3839 t
1397 3775 1926 3927 rvu.rcurrsuvr1n,qui
1959 3774 2055 3840 variis

554 3864 617 3935 sira
639 3864 801 3943 dicuntur,
826 3857 992 3947 quamdiu,
1019 3859 1200 3949 symbolum
1218 3857 1282 3927 hoc
1327 3860 1505 3927 rationibus
1520 3862 1646 3945 probat,
1664 3860 1704 3927 ab
1719 3857 1791 3947 ipfis
1806 3881 1869 3945 apo
1898 3860 1959 3925 olis
1975 3856 2055 3925 hoc·

552 3958 594 4023 ab
606 3950 760 4039 apostolis
778 3948 960 4015 confestum
972 3946 1041 4028 effe,
1067 3946 1218 4013 nondum
1238 3944 1283 4014 est
1326 3968 1362 4014 ce
1377 3943 1559 4034 symbolum
1570 3950 1705 4014 minime
1734 3951 1963 4013 concinnatum
1976 3945 2056 4023 esset

553 4042 738 4131 probatum.
805 4036 881 4104 Hoc
896 4056 974 4101 vero
991 4053 1119 4099 tantum
1140 4032 1235 4115 abest,
1248 4049 1284 4099 vt
1326 4031 1544 4099 inlllliotbec.
1557 4035 1699 4117 strepere.
1720 4034 1815 4115 ecclefi
1836 4050 1908 4099 eom.
1930 4037 1955 4099 Ι.
1970 4050 2005 4117 p.
2024 4053 2055 4115 9.

552 4128 684 4217 probari
702 4143 808 4211 queat,
844 4141 882 4189 vt
902 4115 1155 4190 luculentissimis
1173 4123 1283 4207 potius
1314 4119 1402 4207 seqq.
1416 4139 1551 4207 eamque
1569 4120 1759 4187 sententiam
1778 4119 1887 4186 denuo
1907 4118 2056 4186 aduersus

554 4214 732 4283 rationibus
746 4214 891 4279 euincere
899 4230 1042 4295 pronum
1055 4205 1100 4277 sit.
1116 4228 1283 4294 perperam
1327 4204 1670 4293 censoremquemdam
1681 4207 1768 4293 (rur
1778 4228 1848 4274 rru
1858 4230 1868 4274 1
1879 4230 1899 4273 n
1909 4232 1919 4273 ι
1929 4228 1945 4272 ε
1956 4206 2055 4293 urent)

554 4298 640 4371 illud
647 4298 800 4387 apostolis
814 4301 920 4363 tribui.
988 4297 1066 4363 Silet
1086 4316 1227 4380 namque
1247 4297 1284 4361 in
1327 4314 1444 4375 tuetur,
1467 4297 1501 4359 in
1524 4294 1686 4380 responso,
1709 4290 1797 4380 quod
1819 4313 1900 4360 tomo
1913 4299 1966 4360 l'l.
1983 4292 2055 4358 sub·

553 4394 635 4457 allia
653 4387 855 4473 apostolorum
879 4385 992 4463 Lucas,
1030 4404 1097 4447 rem
1113 4388 1194 4448 tanti
1210 4403 1282 4447 mo-
1330 4384 1414 4461 iccit,
1433 4399 1465 4465 p.
1487 4401 1535 4464 ²7·
1587 4381 1728 4467 Plerique
1751 4400 1858 4448 tamen
1882 4400 2056 4447 romanen-

555 4478 656 4543 menti
672 4496 742 4540 non
758 4492 873 4539 temere
895 4469 1174 4556 praetermissurus.
1239 4472 1286 4535 Si·
1329 4464 1410 4535 stum
1423 4471 1459 4533 in
1480 4489 1519 4535 eo
1541 4466 1756 4548 consentiunt,
1779 4468 1964 4559 symbolum
1977 4466 2057 4534 hoc·

555 4565 625 4631 lent
638 4582 839 4631 tvsrruvs
856 4574 987 4643 martyr,
1004 4577 1179 4635 tarnarvs,
1196 4577 1285 4622 cur·
1331 4577 1367 4621 ce
1390 4554 1473 4621 reste
1495 4552 1647 4641 apostolis
1670 4556 1777 4622 tribui.
1840 4558 1927 4623 Cum
1948 4572 2058 4621 autem

557 4671 672 4721 uras
688 4644 934 4729 Alexandrinus,
954 4662 1130 4728 perorares,
1142 4664 1286 4712 ωιτη·
1330 4638 1667 4796 diffitqqidndequeant,
1710 4662 1781 4711 non
1815 4667 1878 4714 vna
1901 4640 1987 4795 isiuqll
2005 4662 2057 4707 ea-

1546 4746 1565 4812 3
1988 4748 2078 4797 em..
