5259 5967
553 712 619 782 334
835 679 1340 751 erunrrosrr-:moirs
1372 674 1546 745 eatur
1575 670 1784 743 return
1888 640 1892 645 ’

554 792 856 823 ...μ-’-
915 798 951 805 ·-
1041 798 1051 805 -
1141 798 1156 805 --
1297 782 2064 805 Μ

550 844 775 913 obseruatum,
791 835 825 899 in
836 832 944 918 ddsm·
956 832 992 895 de
1012 829 1214 912 catechismis,
1228 824 1283 891 ild·
1327 856 1398 900 tum
1413 830 1615 898 institutione
1628 831 1799 896 sollicitum
1808 824 1913 906 fuisse,
1927 847 1996 890 non
2006 824 2062 905 est,

551 930 618 1001 dita
644 923 786 993 eiusdem
809 920 1001 984 innocentiae
1019 918 1190 1001 catechismi
1211 916 1285 979 Hei·
1326 919 1416 1009 quod
1445 916 1636 985 dubitemus,
1688 918 1805 981 Saltem
1825 913 2062 997 capitationem

550 1004 743 1099 ,lelbergenfis
763 1004 986 1091 demonstratae
1002 1025 1035 1089 p.
1045 1026 1095 1086 ω.
1139 1006 1190 1073 De
1201 1020 1283 1067 cate·
1327 1004 1500 1097 quamdam
1519 1006 1640 1093 symboli
1661 1002 1813 1088 apostolici
1824 1048 1832 1076 ,
1859 1000 1991 1085 decalogi
2021 1000 2062 1069 cs

552 1102 732 1171 chisatione
765 1098 919 1160 nimirum
948 1090 1014 1161 hoc
1042 1088 1084 1157 est
1105 1091 1284 1173 intelligen·
1328 1096 1479 1161 orationis
1492 1094 1680 1170 dominicae,
1701 1092 1837 1175 (quibus
1853 1088 2064 1171 prrrtibus,vt

555 1188 652 1269 dum,
668 1204 790 1252 curnex
803 1178 1073 1265 corrfiffionefitlei,
1085 1200 1182 1263 quam
1191 1174 1285 1243 Wal·
1327 1185 1498 1268 aliquoties
1513 1184 1580 1246 iam
1595 1177 1740 1253 diximus,
1752 1172 1917 1241 catechesis
1932 1192 2062 1238 eutem·

555 1274 664 1343 denses
681 1269 843 1337 francisco
861 1289 888 1347 ι,
904 1266 1027 1333 Galliae
1044 1268 1125 1351 regi,
1139 1286 1191 1329 an.
1202 1282 1283 1345 1545
1328 1290 1408 1357 pore
1430 1266 1616 1347 constabat)
1638 1267 1784 1350 reliquit,
1806 1260 2013 1327 constantiae
2029 1264 2063 1325 in

555 1362 786 1435 exhibuerunt,
801 1371 926 1440 pateat,
947 1350 1177 1418 ratechetiram
1198 1348 1286 1415 inlli·
1328 1378 1454 1425 carcere
1469 1350 1692 1441 compositum,
1709 1372 1788 1433 quae
1802 1353 1835 1413 m
1848 1352 2063 1433 operiemus

555 1454 717 1516 tutionem
731 1442 815 1529 apud
830 1464 882 1505 eos
898 1436 1041 1504 vfitatam
1057 1436 1153 1504 fuisse.
1197 1434 1287 1502 ldem
1335 1433 2062 1527 1715recusssp‚35‚ftrpq.exsh13qu,imuis

559 1540 593 1607 δι
618 1533 657 1601 de
680 1524 875 1597 Witklefitis
901 1524 1036 1593 constat.
1086 1524 1182 1590 Certe
1205 1527 1289 1591 inter
1331 1534 1366 1595 in
1381 1529 1611 1616 easymbolum
1633 1524 1845 1612 apostolicum
1865 1546 1927 1611 qua
1942 1522 2065 1609 singula

558 1642 658 1710 opera
684 1638 737 1683 to.
770 1634 986 1683 Wtcxterr
1017 1614 1114 1679 etiam
1140 1610 1287 1689 refertur,
1332 1619 1437 1699 capita
1461 1638 1528 1679 non
1550 1616 1699 1699 explicet,
1725 1609 1776 1677 sed
1798 1615 1970 1698 generatim
1993 1628 2064 1673 tan-

556 1727 676 1799 pauper
695 1702 842 1789 rusticus,
869 1696 934 1767 siue
953 1698 1151 1767 miscellanei
1177 1696 1290 1763 trada-
1332 1722 1404 1769 turn
1418 1702 1573 1788 quaedam
1588 1700 1625 1766 de
1641 1696 1702 1766 side
1714 1698 1848 1765 disserat.
1871 1696 2064 1782 Arquehrec

560 1816 611 1864 tus
632 1792 729 1869 varii,
757 1786 880 1873 anglice
901 1786 1021 1873 scripti,
1040 1790 1096 1871 qui
1116 1805 1290 1873 paupers&
1334 1811 1409 1859 cum
1423 1808 1568 1877 agerent,
1592 1792 1646 1873 qui
1660 1783 1802 1853 ecclesiae
1819 1807 1970 1851 romanae
1984 1788 2064 1849 viria

560 1882 624 1953 fine
642 1878 822 1945 multorum
840 1871 995 1941 librorum
1013 1872 1053 1941 ad
1077 1891 1183 1953 aratu,
1207 1872 1289 1938 chri·
1333 1876 1468 1944 cordate
1503 1874 1711 1961 detegebant,
1751 1876 1783 1939 ὅ(
1810 1874 2064 1959 impugnabant,-

560 1970 680 2039 stianae
705 1962 866 2048 religionis
891 1964 997 2046 capita
1024 1982 1041 2027 t
1064 1979 1185 2034 ocen13
1208 1980 1290 2046 quos
1332 1968 1453 2035 mirum
1469 1985 1537 2029 non
1553 1962 1610 2039 cll,
1625 1960 1645 2027 li
1663 1958 1793 2027 tandem
1807 1961 1954 2025 nonnulli
1972 1982 2008 2023 ex
2024 1962 2068 2024 ei-

560 2060 645 2124 inter
666 2054 804 2115 maxime
824 2048 969 2113 eminet:
996 2046 1139 2132 expofitio
1159 2046 1292 2132 symboli
1335 2050 1408 2119 dem
1430 2048 1572 2116 eccles-ie
1596 2047 1749 2125 addistis,
1778 2046 1987 2112 nereditatem
2010 2068 2065 2110 ru-

559 2165 582 2209 a
602 2138 732 2226 idolici,
746 2133 932 2219 decalogi&
942 2135 1097 2199 orationis
1109 2135 1292 2201 dominica·
1335 2138 1439 2205 diores
1454 2134 1639 2201 instituendi
1655 2137 1878 2220 intelligerent.
1903 2136 1996 2197 serre
2011 2154 2066 2197 10.

599 2230 660 2295 isce
690 2226 776 2290 enim
802 2220 902 2286 tribus
931 2222 1092 2306 capitibus
1117 2216 1293 2287 catechestn
1335 2244 1629 2291 cneetreervrr
1652 2244 1701 2287 or
1727 2216 2066 2297 oeasou,l’rrifie:r-

563 2316 646 2383 olim
660 2308 837 2377 absolutam
862 2304 983 2388 fuisse,
994 2328 1088 2373 antea
1109 2306 1292 2374 obseruaui·
1338 2310 1375 2377 sis
1392 2310 1572 2377 academiae
1586 2310 1824 2383 cancellarium,
1850 2307 2069 2371 luraetareee·

563 2422 654 2475 mus,
673 2394 759 2461 cons.
783 2414 904 2460 neue.
928 2413 1162 2475 vuantos,
1182 2396 1218 2459 in
1238 2394 1295 2455 acl·
1340 2400 1560 2473 leberrimum,
1588 2416 1655 2459 non
1675 2416 1801 2459 rantum
1823 2394 2012 2471 traditum,
2034 2393 2071 2456 de

560 2488 652 2577 penei.
679 2484 723 2547 ad
747 2479 854 2566 hnor.
878 2479 1012 2546 litterar.
1026 2482 1169 2565 scriptor.
1201 2479 1297 2562 eccli-fi
1334 2485 1478 2569 paruulis
1491 2484 1534 2546 ad
1550 2481 1697 2563 Christum
1709 2479 1886 2555 trahendis,
1910 2476 2070 2564 seriplill'e,

566 2594 674 2643 ovis.
698 2588 820 2634 cavet
836 2585 869 2650 p.
885 2586 939 2649 57.
962 2588 1014 2631 10.
1040 2586 1218 2649 uvssvit,
1243 2570 1295 2631 cui
1340 2568 1551 2637 sedvltimam
1576 2571 1684 2633 aetatis
1705 2566 1778 2630 suae
1792 2582 1912 2649 partem
1927 2568 2075 2649 paruulis

566 2660 639 2750 post
653 2678 688 2721 rr
698 2673 915 2721 reiteravit
931 2656 1297 2737 praecipuusinterveri·
1339 2654 1567 2725 catechisrndis
1575 2650 1915 2745 mpenduleconstat.

565 2752 639 2819 tatis
657 2739 849 2809 consessores
869 2736 1000 2811 debetur
1013 2737 1174 2820 locus,de
1185 2735 1297 2809 tudio-

674 2882 705 2957 5.
733 2865 810 2939 Xll.
836 2864 939 2939 lnter
950 2860 1129 2939 beneficia
1140 2861 1283 2963 itaque,
1308 2886 1402 2963 quae
1421 2860 1716 2963 benignissimum
1737 2860 1909 2951 Numen,
1930 2884 1998 2963 per
2012 2887 2075 2939 ec-

568 2964 691 3047 clesiae
706 2960 1024 3051 emendationem,
1037 2985 1062 3034 o
1090 2959 1468 3041 etebeatinanrrur
1495 2984 1688 3037 evineat
1704 2958 1920 3061 susceptam,
1946 2960 1986 3033 in
2002 2987 2074 3039 nos

569 3062 748 3153 contulit,
772 3060 870 3137 haud
884 3058 1051 3135 vltimum
1063 2986 1191 3133 locum
1204 3078 1327 3150 tenet,
1346 3057 1407 3133 sed
1431 3058 1645 3135 celebranda
1664 3058 1789 3161 potius
1810 3058 2075 3161 maximopere,

568 3158 798 3242 catecheseos
820 3157 1018 3237 restitutio;
1044 3153 1221 3254 squidem
1248 3180 1329 3231 non
1350 3156 1465 3232 modo
1487 3154 1641 3257 ipsemet
1675 3180 1904 3231 ev·rnenvs
1932 3156 2075 3233 libellos

570 3256 849 3361 elegantissimos
863 3253 908 3329 ad
921 3254 1115 3362 rudiorurn
1140 3252 1445 3331 informationem
1464 3255 1504 3329 in
1524 3252 1641 3330 sacrae
1662 3253 1849 3332 dodirirne
1870 3257 2075 3357 praecipuis

571 3356 777 3467 capitibus,
805 3348 1045 3491 qomposuit,
1076 3350 1137 3427 led
1159 3352 1247 3427 alios
1269 3352 1398 3445 etiam,
1425 3376 1465 3430 vt
1483 3352 1583 3430 idern
1604 3350 1791 3442 facerent,
1816 3360 1989 3456 exemplo
2010 3352 2077 3429 suo

570 3472 782 3537 concitatur.

658 3578 674 3613 ⁸*
692 3574 784 3645 Licet
799 3569 990 3637 catechetica
1009 3565 1165 3635 institutio
1187 3586 1259 3636 ante
1272 3590 1303 3637 rt.
1348 3570 1550 3656 plicioribus,
1572 3592 1633 3656 pro
1656 3569 1909 3655 prouedlioribus
1929 3572 2081 3634 maiorem

572 3678 800 3731 irruenter
827 3678 897 3725 non
929 3654 1054 3741 prorsus
1086 3654 1187 3723 deleta
1219 3656 1303 3737 esset,
1348 3660 1568 3724 concinnauit.
1613 3662 1770 3722 Minorem
1784 3659 2081 3741 primum,&qui.

573 3753 651 3836 quin
663 3750 772 3839 potius
786 3744 937 3814 nonnulli
954 3739 1148 3822 exsisterent,
1164 3746 1219 3829 qui
1232 3765 1305 3809 eam
1348 3742 1488 3811 deman.
1507 3763 1602 3825 1529,
1620 3742 1734 3812 deinde
1750 3766 1825 3809 vero
1841 3745 1989 3808 maiorem
2002 3765 2081 3829 pro.

572 3856 749 3921 Vtcumque
775 3829 939 3901 restituere
964 3848 1182 3905 conarentur,
1211 3832 1305 3915 pauci
1349 3828 1461 3912 diill'e‚
1496 3849 1622 3917 recepta
1657 3829 1700 3899 esl
1740 3830 1921 3904 sententiat
1949 3828 2000 3896 sed
2026 3854 2081 3897 ιο.

573 3941 683 3991 tamen
693 3915 872 3993 admodum
884 3912 968 3983 deea
980 3916 1109 3982 solliciti
1117 3936 1218 3998 erant,
1228 3940 1305 4001 pau·
1350 3940 1405 3984 ma
1416 3938 1434 3982 ι
1444 3938 1462 3981 c
1472 3939 1506 3982 rr.
1520 3938 1758 3998 retrrrrrvs,
1773 3920 1912 4001 primum
1920 3921 2083 3996 maiorem,

574 4014 676 4077 tiores
694 4006 820 4086 adhuc,
845 4008 952 4078 immo
972 4024 1091 4084 nemo,
1113 4024 1150 4069 ea
1172 4000 1222 4083 id,
1242 4024 1306 4089 qua
1350 4001 1466 4071 deinde
1478 4005 1645 4085 minorem,
1668 4006 1771 4071 lucem
1793 4003 1977 4089 adspexisse,
2000 4027 2083 4070 con-

575 4116 724 4186 pareret,
736 4093 874 4159 satiebat
884 4094 1032 4171 ratione,
1052 4107 1088 4154 vt
1102 4088 1185 4156 adeo
1202 4092 1305 4156 tenuis
1351 4086 1473 4168 tendit,
1496 4088 1662 4177 additque,
1677 4094 1825 4156 maiorem
1847 4096 1911 4158 iam
1925 4114 1976 4157 an.
1998 4112 2081 4173 ¹529

575 4186 681 4251 solum
701 4176 859 4267 quaedam
891 4180 958 4244 eius
985 4174 1153 4263 ¹superesset
1183 4178 1306 4243 vmbra.
1351 4176 1459 4244 mense
1471 4178 1864 4258 lulio,av1rtcertr10
1887 4200 2083 4259 orsoroero,

575 4274 697 4359 Magna
718 4273 824 4359 itaque
842 4286 952 4333 retum
975 4262 1164 4333 diuinarum
1190 4264 1309 4349 vbique
1352 4261 1596 4330 Onolzbacensis
1626 4263 1750 4332 scholae
1778 4283 1847 4331 tum
1869 4263 2086 4346 moderatore,

576 4359 642 4424 fere
655 4371 721 4420 erat
733 4355 932 4439 ignorantiae
951 4354 1006 4441 eui
1020 4368 1055 4415 vt
1074 4347 1233 4423 medelam
1254 4346 1309 4415 ad·
1353 4352 1450 4415 latine
1470 4348 1557 4415 fuisse
1578 4352 1729 4433 versum,
1753 4374 1886 4439 eamque
1906 4348 2087 4421 versionem

577 4444 670 4508 ferret
693 4462 722 4506 ι.
745 4460 873 4505 naar.
896 4458 1127 4517 everrente,
1151 4434 1309 4503 diuinitus
1354 4434 1500 4505 eamdem
1514 4436 1589 4518 esse,
1613 4461 1712 4524 quam
1727 4438 1833 4524 postea
1853 4435 2000 4507 ecelesiae
2024 4463 2087 4505 no-

577 4528 619 4596 ad
629 4524 775 4592 ecclefiae
788 4521 1049 4592 emendationem
1062 4526 1216 4591 excitatus
1223 4568 1235 4605 ,
1251 4520 1309 4588 du·
1354 4521 1433 4590 strae
1442 4519 1602 4605 dodlores,
1610 4530 1716 4613 piique
1729 4526 1927 4608 confessores,
1935 4551 1988 4595 an.
2002 4538 2087 4611 1580

575 4619 694 4705 plicent
709 4611 955 4695 catecltissnum,
971 4615 1140 4695 minorem,
1154 4631 1215 4705 pto
1238 4606 1311 4678 sim·
1351 4611 1440 4679 libris
1454 4610 1636 4699 symbolicis
1649 4613 1855 4692 inseruerintt
1877 4616 2087 4683 inemendati.

2039 4701 2090 4766 dis
