5259 5967
801 704 867 779 DE
888 704 1432 779 PROPAEDEVMATIBVS
1453 706 1833 781 THEOLOGICIS.
2008 721 2073 799 289

552 852 659 921 hocce
683 869 783 937 caput
803 849 892 935 quod
911 854 1048 934 attinet,
1068 850 1126 916 vsu
1140 848 1294 933 dicemus,
1336 870 1393 919 aut
1408 850 1547 921 exsistere
1561 846 1674 941 poffit,
1687 853 1815 941 qualem
1828 854 1941 919 animo
1956 874 2071 921 conce-

554 962 632 1009 cum
649 936 692 1005 de
723 938 887 1024 theologia
901 939 1038 1020 morali,
1077 936 1153 1004 hinc
1168 940 1292 1027 &pru-
1336 944 1384 1026 pit
1406 962 1569 1022 rutro,
1591 944 1708 1009 merito
1736 938 1888 1007 nonnulli
1908 938 2071 1009 dubitant.

555 1026 666 1095 dentia
680 1022 867 1106 christiana,
889 1046 927 1089 ac
948 1023 1115 1112 pastorali,
1135 1027 1231 1092 verba
1246 1025 1292 1093 fa-
1334 1030 1406 1095 Nec
1419 1028 1553 1096 deerunt
1566 1030 1659 1110 sorte,
1668 1031 1724 1115 qui
1731 1026 1991 1107 existimauerim,
1998 1047 2069 1095 rem

553 1118 690 1183 eiemus.
734 1114 867 1180 interim
878 1111 1025 1193 fuerunt,
1041 1117 1095 1200 qui
1104 1111 1291 1199 prudentiae
1334 1118 1498 1203 publicam
1516 1138 1720 1184 rotronis
1741 1137 1816 1183 cum
1840 1114 1954 1199 Vtopia
1972 1135 2070 1181 ruo.

553 1206 655 1271 etiam
670 1202 774 1267 ciuilis
790 1214 955 1285 praecepta
965 1220 1005 1267 ex
1013 1201 1100 1266 sicto
1113 1197 1227 1269 codice
1236 1200 1289 1269 de·
1333 1224 1455 1283 morti,
1470 1202 1686 1292 finufibusque
1707 1205 1802 1273 rebus
1819 1203 1955 1289 publicis
1968 1197 2069 1283 fietis,
2168 1238 2176 1253 ι

556 1288 820 1369 riuare,suarum
837 1284 997 1354 duxerunt
1011 1288 1072 1356 else
1085 1291 1239 1375 partium,
1254 1307 1290 1355 vt
1332 1296 1515 1378 comparari
1542 1292 1640 1377 polle.
1683 1314 1737 1360 ιο.
1767 1284 1898 1359 Arrun]
1926 1309 2068 1369 oosrvs

557 1398 608 1445 ro.
624 1395 752 1443 court.
772 1396 1086 1456 nounavunvs,
1108 1378 1145 1442 in
1159 1377 1290 1460 politica
1333 1383 1457 1445 nemini
1475 1377 1644 1468 legendum
1664 1397 1757 1467 putat
1786 1380 1982 1459 Platonem,
2010 1374 2077 1461 rifi

555 1464 693 1546 biblica,
715 1484 875 1530 roseria.
902 1484 1081 1543 EALLvs,
1110 1464 1147 1528 in
1160 1464 1291 1548 politica
1331 1467 1389 1552 qui
1408 1466 1571 1554 instrullus
1587 1469 1790 1552 initiatusque
1804 1465 1991 1554 prudentiae
2002 1483 2068 1549 mp-

557 1552 753 1633 Salomonea,
774 1570 812 1617 ex
826 1552 997 1637 anglicano
1011 1551 1158 1617 sermone
1169 1554 1205 1618 in
1219 1572 1289 1638 ger-
1322 1554 1445 1642 storiis,
1461 1558 1607 1637 censorem
1618 1577 1681 1621 non
1691 1556 1794 1623 minus
1812 1575 1907 1639 quant
1926 1550 2068 1617 letiorem

558 1642 720 1707 manicam
744 1638 916 1715 translata,
952 1641 1041 1704 cuius
1067 1642 1166 1705 etiarn
1191 1637 1290 1707 exstat
1330 1662 1422 1729 agere
1437 1641 1545 1729 poffir3
1566 1640 1606 1709 de
1622 1662 1758 1727 comper.
1776 1642 1870 1726 prud.
1891 1638 2010 1719 ciuilis,
2029 1648 2068 1718 ς.

512 1769 514 1777 1
558 1728 657 1795 ethica
677 1728 714 1796 dr
731 1728 925 1792 oeconomica
942 1726 1143 1807 Salmonea,
1160 1726 1192 1792 ἃ
1206 1726 1290 1794 sorte
1332 1734 1418 1797 XIV.
1468 1727 1595 1815 Scripsit
1612 1750 1744 1818 quoque
1765 1748 1900 1796 runco
1920 1724 2068 1793 libellum

557 1816 608 1883 alii
621 1812 774 1902 quidam.
815 1814 1001 1881 Multorum
1021 1835 1152 1901 quoque
1169 1813 1290 1881 sermo·
1331 1819 1482 1904 exiguum
1497 1818 1655 1904 deregno,
1692 1816 1733 1885 de
1754 1837 1822 1902 quo
1839 1813 1907 1882 vid.
1925 1832 2067 1883 postve

559 1904 650 1970 nibus
671 1902 850 1970 celebratur
877 1922 962 1968 rac.
995 1922 1173 1971 ormont
1201 1924 1292 1969 oos-
1331 1904 1354 1972 1.
1366 1924 1391 1969 c.
1435 1900 2067 1992 Praecipuosinlibroshoscecommen·

559 2012 675 2059 enarr
684 1988 818 2076 politica
827 1989 1001 2074 scripturae
1022 1990 1123 2055 verbis
1139 1988 1288 2077 exprcffe,
1332 2008 1450 2058 ratores
1483 1993 1623 2058 Platonis
1658 1992 1798 2059 recenset
1829 2010 1946 2057 oron.
1968 2008 2067 2057 ruv-

560 2080 605 2145 rel
614 2096 654 2144 vt
663 2076 777 2165 gallice
790 2075 984 2151 inscribitur;
994 2077 1147 2161 polirique
1156 2073 1289 2142 rire‘erles
1333 2100 1479 2158 ornus,
1494 2078 1515 2145 l.
1529 2100 1554 2145 c.
1571 2098 1605 2165 p.
1621 2100 1686 2165 519.
1729 2080 1775 2145 Vt
1791 2095 1903 2146 autem
1924 2095 2067 2145 oraro

558 2162 883 2334 llllitrll‘tl‘
902 2163 1294 2341 solstitiis&
1333 2164 1862 2341 {sffbld‘lddss‘ll'efiizriil
1876 2162 2069 2319 dusiis

807 2294 819 2330 5
850 2296 859 2316 '
1192 2297 1202 2330 l
1845 2294 1857 2328 θ
2051 2289 2068 2311 '

580 2338 701 2409 rodelse
713 2332 849 2423 poffint3
863 2338 936 2405 licet
942 2335 1074 2408 subinde
1088 2336 1178 2404 facile
1191 2360 1293 2428 agno-
1335 2300 1469 2422 ruod,
1481 2342 1517 2405 in
1531 2340 1585 2405 sua
1604 2342 1811 2427 Cyropaedie,
1826 2359 1909 2424 quae
1922 2343 2008 2406 inter
2018 2358 2070 2405 re·

559 2362 637 2509 Kar,-
643 2426 813 2493 auctorem
827 2445 984 2492 romanae
991 2420 1138 2494 ecclefiae
1151 2424 1292 2493 scitisin·
1335 2430 1424 2514 liqua
1444 2431 1511 2494 eiua
1530 2430 1709 2515 argumenti
1728 2428 1855 2513 politici
1871 2426 1989 2513 scripta
2003 2428 2069 2510 pri-

560 2518 723 2585 nutritum
735 2510 805 2579 elle.
856 2538 859 2543 ·
1335 2536 1427 2584 munt
1439 2514 1551 2581 locum
1571 2531 1680 2597 tenet,
1699 2513 1873 2601 perfectam
1890 2512 2069 2599 quamdam

644 2602 730 2680 Eos,
744 2602 801 2685 qui
815 2596 1293 2685 urgentilbusdoetrinaesuae
1334 2602 1656 2689 consummatamque
1694 2601 1847 2689 principis
1889 2602 2069 2687 imaginem

558 2690 679 2761 morali
704 2685 895 2776 prudentiae
916 2688 1044 2751 monita
1061 2684 1292 2772 adsperserunt,
1335 2689 1438 2759 fistere
1450 2691 1565 2756 voluit.
1608 2690 1658 2755 lta
1671 2709 1813 2775 namque
1826 2686 1912 2755 recle
1924 2684 2069 2753 deeaiu.

513 2843 516 2852 .
582 2777 858 2849 taetermlrtimust
880 2794 956 2839 cunt
968 2790 1062 2839 antea
1080 2776 1177 2839 iama
1197 2776 1292 2841 nobis
1336 2776 1421 2845 dicat
1436 2796 1612 2858 cronno,
1625 2776 1681 2844 til.
1696 2781 1722 2843 1.
1737 2795 1787 2862 ep.
1807 2777 1834 2842 1.
1850 2776 1897 2840 ad
1915 2774 2070 2862 Quintio!

556 2800 1292 2937 dmtcommemorari.rsoonareurautem
1327 2870 1477 2951 fratrem.
1526 2882 1834 2932 aristot-nuru
1859 2862 2071 2931 rerumeiui-

512 2959 514 2966 '
557 2958 711 3031 omittere
725 2970 796 3015 non
813 2948 995 3035 possumus,
1013 2950 1088 3033 qui,
1111 2968 1186 3013 cum
1208 2951 1293 3014 inter
1334 2955 1416 3020 lium
1428 2947 1649 3038 peritiffimum
1662 2949 1767 3031 fuisse,
1779 2972 1878 3017 nemo
1892 2950 2071 3036 nepuerit.

556 3060 702 3111 oratores
714 3032 831 3103 illustre
846 3034 978 3123 adeptus
991 3030 1031 3102 stt
1044 3055 1178 3116 nomen,
1187 3034 1294 3122 philo·
1337 3040 1471 3107 Politice
1478 3042 1603 3124 proprie
1614 3038 1718 3120 diua,
1732 3039 1839 3125 inquit
1852 3056 1993 3105 oosrvo
1999 3080 2012 3119 ,
2021 3036 2071 3101 irt-

555 3128 667 3217 sophia
681 3144 792 3193 tamen
803 3120 1106 3191 etiamadnumerari
1120 3120 1295 3209 potest,eo,
1335 3126 1539 3213 comparabili
1553 3128 1738 3213 grauitate,
1757 3126 1912 3191 bonone
1935 3124 1978 3196 θ’
1998 3138 2072 3189 arte

556 3212 651 3309 quod
662 3212 802 3281 moralia
822 3212 939 3298 pariter
958 3231 994 3277 ac
1014 3211 1146 3295 politica
1166 3231 1295 3299 praece·
1337 3214 1505 3301 conscripsti
1515 3238 1529 3293 ,-
1557 3233 1597 3278 ac
1627 3233 1690 3279 noo
1716 3230 1842 3278 tanturn
1864 3210 1950 3279 nibil
1965 3227 2073 3277 eorm

555 3324 615 3395 pra
628 3306 666 3372 in
678 3300 883 3369 orationibus
896 3298 958 3364 suis
976 3296 1168 3383 suppeditat.
1200 3299 1297 3365 Certe
1337 3300 2015 3454 omfit,quadintegmmimperiicppm
2035 3321 2073 3364 a·

557 3392 665 3459 orario
677 3392 747 3457 eius
759 3388 797 3452 de
807 3404 901 3471 regno
913 3384 1116 3450 adNicoclem
1126 3382 1222 3454 huius
1230 3386 1296 3455 loci
1336 3391 1441 3470 ciunt,
1448 3389 1505 3473 sed
1516 3390 1611 3454 erim
1624 3388 1682 3454 illa
1693 3390 1798 3453 docuit
1803 3433 1817 3471 ,
1829 3408 1912 3475 quae
1965 3386 2073 3475 stregu-

557 3478 626 3561 est,
639 3474 681 3545 de
702 3496 767 3563 qua
786 3471 853 3540 vid.
878 3494 932 3539 ro.
953 3492 1041 3539 nun.
1056 3484 1296 3554 'aauorcrvu
1337 3478 1388 3543 lar
1409 3492 1518 3562 partes
1535 3476 1657 3559 imperii
1677 3477 1888 3561 requiruntur.
1930 3477 2016 3562 Quin
2031 3474 2073 3546 ὅ

555 3562 805 3653 hibsgraecdib.
820 3564 864 3627 11.
887 3582 916 3626 c.
937 3561 1052 3626 XXVI.
1071 3570 1108 3641 ς.
1129 3563 1167 3625 V.
1183 3578 1218 3646 p.
1230 3572 1297 3643 850.
1336 3560 1742 3648 arcanafiuefiphismaeta,
1758 3578 1887 3647 propter
1902 3580 1983 3646 quae
1996 3564 2075 3625 Ma·

559 3654 706 3734 Primus,
720 3651 778 3737 qui
791 3645 930 3733 aliquid,
943 3644 1033 3733 quod
1047 3646 1088 3714 ad
1102 3643 1218 3713 iustam
1233 3665 1297 3713 tra-
1338 3650 1507 3719 clientum
1515 3646 1695 3736 potffmm
1701 3648 1913 3732 sospieisoler,
1925 3647 2074 3734 pleraque

555 3742 742 3811 elationem
752 3730 998 3823 quodammodo
1007 3732 1150 3813 accedat,
1156 3735 1298 3821 reliquit,
1331 3742 1375 3805 iri
1390 3754 1521 3825 quarto,
1539 3741 1649 3823 quinto
1657 3782 1670 3819 ,
1685 3738 1815 3821 &sexto
1824 3734 2022 3822 politicorum
2034 3732 2075 3801 si·

559 3844 698 3897 mro
711 3824 787 3904 suit,
809 3826 846 3889 in
868 3823 1005 3888 sibrisX.
1022 3822 1061 3886 de
1079 3824 1247 3907 republica,
1261 3822 1298 3891 δε
1341 3828 1406 3893 bris
1420 3827 1591 3905 indicaui&
1611 3824 1869 3911 decomparaenda
1877 3822 1969 3907 prud.
1989 3820 2074 3886 ciuis.

561 3916 642 3983 ΧΠ.
655 3912 691 3975 de
705 3910 826 3997 legibus.¹
867 3910 907 3975 ln
917 3913 1070 3996 utrisque,
1086 3908 1190 3977 iudice
1201 3930 1299 3979 cauit.
1343 3923 1375 3999 ς.
1390 3916 1459 3980 XV.
1500 3910 1589 3980 Mihi
1598 3933 1679 3981 vero
1691 3910 1816 3997 semper
1829 3911 1961 3976 illorum
1971 3910 2076 3975 maxi·

559 4018 656 4073 rm
666 4018 689 4063 n
698 4018 719 4063 r
729 4017 793 4077 ιο,
802 3999 961 4082 praeclare
976 3998 1102 4062 omnino
1120 4018 1247 4085 regnum
1260 4000 1300 4069 Θ*
1342 4022 1395 4068 me
1406 4002 1525 4088 placuit
1534 4000 1697 4081 sententia,
1703 4002 1760 4085 qui
1768 4018 1829 4067 nec
1837 3995 1957 4064 abicere
1965 3996 2076 4075 nimis,

560 4084 929 4186 rempulrlicem'inflituir
935 4128 946 4165 ,
961 4086 1095 4186 adeoque
1104 4088 1245 4151 moribus
1260 4086 1300 4157 ὅ
1342 4110 1405 4158 nec
1425 4090 1523 4156 nitriis
1548 4083 1719 4175 magnifice
1750 4084 1791 4153 de
1813 4080 1985 4184 dristotele
2005 4082 2075 4149 sen-

559 4170 1003 4346 rlrrtlttttlt
1019 4188 1301 4346 territet-t
1335 4170 2075 4351 :luetluet

561 4354 684 4435 cipum,
698 4346 919 4431 Platonismum
931 4351 966 4412 in
980 4347 1300 4434 republicadtfidrrere
1343 4354 1376 4419 se
1390 4352 1492 4434 vsum,
1506 4354 1575 4417 non
1590 4344 1738 4418 diffiteor.
1782 4344 1982 4414 Nostrorum
1993 4362 2076 4413 tem·

564 4440 605 4505 in
625 4434 830 4523 bibliograph.
846 4436 937 4520 polit.
958 4456 982 4502 c.
1013 4438 1052 4500 V.
1066 4453 1101 4521 p.
1116 4454 1185 4518 509.
1229 4436 1301 4503 Nec
1368 4461 1464 4507 orum
1482 4438 1544 4504 alia
1562 4436 1609 4505 est
1628 4439 1719 4503 ratio.
1764 4434 1901 4521 Aliquot
1920 4432 2018 4499 libros
2039 4434 2076 4498 in

565 4524 697 4603 abnuo,
710 4526 811 4590 multa
818 4524 976 4608 praeclare
988 4518 1164 4589 admodum
1174 4525 1302 4611 &egre-
1345 4462 1448 4595 docte
1462 4528 1625 4612 stagiritae
1639 4544 1737 4611 opere
1748 4518 1847 4589 hodie
1862 4518 1980 4602 deesse,
1994 4520 2077 4606 quin

564 4614 619 4701 gie
631 4608 719 4679 dieta
732 4612 767 4676 in
782 4608 867 4676 hisce
880 4610 967 4677 libris
987 4607 1115 4677 exstare.
1158 4611 1212 4677 An
1225 4634 1304 4678 vero
1346 4618 1383 4684 &
1402 4612 1549 4681 ordinem
1570 4633 1700 4691 cortun,
1728 4612 1786 4697 qui
1805 4606 1992 4695 supersunt,
2014 4610 2076 4671 im-

565 4718 727 4787 nmquam
749 4694 912 4766 eiusmodi
935 4698 1112 4786 respublica
1143 4696 1303 4782 exstiterit,
1347 4697 1650 4855 mutatrbmstoct‘tit
1664 4718 1796 4770 uren.
1810 4709 2076 4789 contructis,
