5259 5967
484 706 551 793 296
806 700 947 771 imni
976 698 1184 769 titionis
1203 694 1378 767 cnevi
1399 692 1669 781 Qviiitrvit

485 850 635 941 adeoque
649 868 683 916 vt
697 846 763 915 hoc
785 868 995 927 moneamus,
1017 848 1137 915 necesse
1152 867 1222 911 non
1263 846 1422 931 discrimen
1428 892 1440 929 ,
1453 850 1537 935 qued
1548 848 1588 1001 Z
1601 852 1683 915 inter
1696 850 1891 937 definitiones
1903 860 2005 923 nonni·

485 942 540 1013 est.
585 937 636 1006 Ad
659 938 859 1023 theologiam
878 934 1017 1021 denique
1040 932 1129 1021 quod
1146 936 1222 1000 atti·
1263 956 1341 999 num
1356 938 1393 1005 θ’
1406 956 1528 1014 rernm,¹
1578 939 1627 1001 'nc
1652 958 1678 1001 c.
1694 943 1747 1004 IX.
1769 937 1810 1007 de
1832 942 2003 1029 defitiibut

484 1047 569 1112 net,
596 1022 651 1093 etsi
671 1022 842 1091 methodus
860 1020 1087 1091 mathematica
1106 1042 1222 1109 parum
1264 1022 1449 1107 quibusdam
1470 1024 1503 1087 ιἰι
1520 1040 1750 1109 geometrarum
1768 1028 1913 1096 methodo
1929 1037 2000 1119 μβ

485 1136 544 1186 aut
556 1112 638 1185 nihil
655 1109 823 1181 commodi
846 1109 951 1177 eidem
969 1108 1111 1188 adserat,
1130 1130 1168 1175 ex
1180 1128 1221 1174 eo
1252 1108 1318 1195 fine
1337 1109 1462 1189 obuiis,
1492 1112 1586 1179 verba
1607 1110 1692 1178 facit.
1735 1116 1906 1183 Nimirum
1922 1140 2000 1189 eutii

483 1222 595 1275 tamen
608 1222 678 1267 tion
692 1197 919 1285 colligendum,
928 1197 1097 1265 nuilumin
1110 1218 1218 1262 eama·
1262 1217 1319 1277 ea,
1341 1216 1424 1282 quae
1440 1198 1477 1263 iii
1496 1196 1654 1267 methodo
1672 1218 1916 1289 geometrarum
1939 1226 2000 1273 tta-

483 1289 589 1362 thesin
604 1288 718 1357 habere
728 1286 834 1354 vsuiii.
856 1286 947 1367 Qin
966 1287 1075 1369 potius
1087 1285 1219 1367 quibus·
1262 1281 1412 1365 duntur,
1442 1280 1483 1349 ad
1505 1288 1582 1371 quin
1608 1307 1647 1353 ue
1667 1289 1791 1375 regulas
1809 1294 1998 1377 reuocasset,

484 1378 563 1453 dam
577 1376 747 1465 scripturae
762 1374 842 1438 locis
867 1368 1063 1457 explicandis
1076 1373 1217 1437 omnino
1262 1392 1372 1439 earum
1386 1368 1517 1455 quidem
1534 1304 1795 1445 obshuaeionem
1808 1376 1881 1449 satis
1894 1382 1998 1451 intui.

487 1465 652 1543 inseruit,
684 1464 786 1549 iisque
819 1460 926 1525 lucem
959 1454 1107 1525 adi'undit
1130 1479 1148 1523 e
1170 1478 1217 1523 re-
1259 1464 1327 1525 cari
1362 1480 1432 1527 uon
1467 1460 1582 1543 posse,
1610 1460 1738 1531 iatetur.
1795 1464 1857 1533 Sed
1891 1466 1997 1535 addit:

509 1558 590 1627 iam;
621 1546 710 1637 quod
732 1542 923 1626 ostendunt,
945 1549 1001 1630 qui
1024 1542 1063 1611 de
1081 1478 1216 1611 mathesi
1260 1544 1530 1630 Nihilonnnusst,
1558 1548 1694 1633 sepositis
1709 1553 1932 1637 praeiudicia,
1950 1556 1999 1622 di-

480 1576 569 1711 sacra
585 1636 638 1702 seu
652 1634 787 1711 biblica,
803 1648 859 1697 aut
869 1628 1047 1701 matheseos
1068 1634 1104 1701 iii
1126 1628 1217 1697 theo·
1260 1632 1355 1696 cende
1369 1632 1592 1721 fientente'afit,
1620 1656 1658 1699 ee
1676 1636 1768 1703 laede
1778 1642 1918 1725 spoliari
1935 1666 1997 1711 nen

480 1728 573 1813 logia
586 1722 640 1787 vsu
655 1741 693 1788 eii
715 1716 862 1789 instituto
887 1721 1097 1787 commentati
1122 1719 1215 1793 suntt
1256 1720 1386 1801 debent,
1418 1721 1503 1805 quod
1518 1723 1610 1787 viam
1624 1742 1710 1809 pree
1726 1730 1834 1793 ceteris
1854 1731 1997 1799 omnibus

480 1834 568 1907 quos
581 1807 733 1897 deinceps
748 1804 960 1875 laudabimus.
1255 1808 1395 1874 maxime
1421 1824 1536 1871 ceream
1565 1808 1742 1895 institerunt
1767 1815 1814 1879 ed
1826 1820 1997 1883 veritatem

570 1898 654 1967 Non
677 1915 755 1962 vero
777 1897 875 1960 etiam
897 1891 1085 1977 defuerunt,
1109 1892 1216 1979 qui&
1258 1894 1500 1977 adstqeendeme
1521 1897 1691 1989 itanegm'
1707 1920 1770 1965 non
1778 1902 1890 1993 petest,
1914 1908 1995 1991 qaia

481 1990 521 2063 iii
534 1982 786 2062 mathematicis,
808 1982 846 2049 ὅ(
866 1983 902 2047 in
923 1980 988 2067 ipsa
1001 2000 1134 2067 quoque
1148 2000 1216 2043 nia-
1257 1982 1293 2045 e'n
1316 1981 1437 2065 aliquos
1454 1982 1590 2065 defessus
1608 1984 1688 2074 tapfi
1696 1986 1788 2071 fine,
1815 1992 1871 2075 qni
1891 2012 1912 2055 ι
1928 1994 1997 2081 fine

479 2071 578 2153 thesi,
591 2074 679 2138 varia
691 2064 935 2155 reprehensione
947 2064 1043 2155 digna
1056 2065 1113 2135 sibi
1125 2070 1215 2132 inue-
1256 2070 1380 2153 quidem
1397 2068 1548 2155 propofito
1569 2092 1619 2135 eos
1640 2094 1704 2136 non
1722 2090 1925 2163 ueremni,
1940 2080 2000 2163 sed

480 2166 553 2235 nire
563 2157 757 2227 viderentur.
800 2154 895 2227 Nihil
917 2176 1006 2221 nunc
1028 2152 1068 2225 de
1088 2172 1215 2221 aaut.
1256 2170 1365 2221 temen
1388 2158 1559 2239 perdentia
1577 2160 1616 2229 θ’
1636 2160 1846 2229 incommodes
1865 2168 1995 2235 vimen

481 2269 605 2323 coitu.
635 2262 815 2313 uenient
838 2238 945 2313 dicam
957 2286 971 2323 ,
991 2244 1047 2331 qui
1066 2244 1101 2307 in
1130 2240 1214 2304 libro
1256 2242 1756 2327 assperitatescimrniduxerenn
1799 2272 1899 2339 445.
1942 2252 1993 2321 Id-

477 2338 519 2407 de
529 2332 747 2401 incertitudine
761 2331 800 2403 t!
812 2330 953 2395 ιιιιὲιιιι
965 2330 1105 2393 oninium
1114 2328 1215 2417 scien·
1256 2350 1322 2415 que
1336 2325 1396 2409 est,
1413 2326 1502 2415 quot
1515 2328 1663 2420 deinceps
1671 2268 1830 2421 copiosus
1844 2338 1994 2409 edisserit.

478 2426 601 2490 tineent
619 2422 685 2493 &a
704 2439 730 2483 c.
747 2420 803 2483 XI.
816 2417 903 2502 seqq.
914 2418 1058 2501 itemque
1070 2435 1096 2480 c.
1112 2417 1214 2483 XXII.
1255 2417 1380 2481 Similia
1401 2414 1465 2483 fere
1484 2417 1573 2499 sunt,
1621 2443 1680 2489 uae
1698 2425 1733 2489 in
1753 2445 1994 2512 geometrarum

469 2512 559 2598 seqq.
572 2506 613 2575 ad
630 2502 808 2573 matheseos
829 2505 864 2571 ac
882 2504 1127 2590 praecipuarum
1145 2502 1213 2573 eius
1256 2498 1585 2579 demonstrationibus
1597 2441 1754 2581 desiderat
1773 2534 1828 2583 io.
1852 2536 1993 2591 cteti-

478 2600 624 2690 partium
645 2588 873 2661 certitudinem
891 2585 1162 2668 mentiamini,
1174 2607 1214 2653 ac
1255 2610 1347 2671 ovs,
1369 2589 1456 2677 logie.
1464 2608 1551 2677 paee.
1565 2598 1626 2663 111.
1633 2617 1660 2662 c.
1667 2600 1738 2665 xil.
1746 2618 1780 2685 p.
1787 2624 1831 2667 ni.
1845 2622 1898 2669 ιιι.
1906 2608 1993 2691 seqq.

477 2688 659 2757 vanitatem
672 2674 973 2758 demonstrandam,
997 2698 1111 2745 omnes
1124 2679 1213 2761 inge·
1256 2674 1318 2744 Sed
1363 2676 1450 2757 hisce
1494 2682 1677 2765 omnibus,
1711 2706 1833 2756 neue.
1870 2710 1992 2759 coeit·

477 2762 831 2845 niinetuosintendin
854 2761 1213 2835 cumisnuiiamscien·
1255 2784 1487 2847 achineae,
1516 2788 1688 2836 inane.
1718 2794 1906 2843 ticoni
1935 2800 1991 2847 nt

477 2864 560 2927 tiam
580 2872 637 2923 aut
656 2871 774 2935 artem,
795 2872 894 2946 quam
915 2872 985 2923 non
1004 2848 1152 2927 arrodat,
1165 2846 1213 2915 di·
1253 2871 1528 2933 vnnvinuio,
1557 2857 1685 2925 auctori
1713 2862 1796 2927 artis
1815 2866 1993 2951 cogitandi,

477 2948 599 3015 mittat.
643 2960 927 3011 innuc.naco
955 2960 1005 3005 oa
1034 2956 1213 3009 venena·
1256 2938 1357 3007 ecio.
1383 2943 1994 3031 cinaicoobuiamiuit,invinle'·

477 3054 559 3102 itio
574 3030 724 3097 cumillis
740 3030 927 3114 neutiquam
947 3024 979 3093 se
996 3022 1115 3105 facere,
1135 3043 1212 3112 pro·
1253 3026 1312 3095 ciis
1329 3024 1580 3109 mathematum,
1615 3051 1714 3117 prout
1735 3032 1992 3109 dissertationem

476 3116 676 3208 fitetur„qui
690 3111 847 3181 mathesin
861 3106 1006 3199 physicae
1043 3110 1212 3190 meierum,
1240 3112 1363 3211 -suam,
1393 3114 1640 3203 Wittenbergae
1662 3138 1747 3203 1713
1767 3121 1916 3211 editam,
1940 3130 1991 3195 in-

478 3208 601 3293 quippe
623 3223 705 3288 quae
727 3220 787 3287 pro
809 3198 906 3267 huius
926 3201 1007 3271 mini
1050 3214 1213 3264 arantum
1254 3195 1374 3287 scripsit
1415 3202 1465 3266 vir
1504 3199 1728 3290 doctissimus,
1760 3234 1826 3280 io.·
1857 3234 1939 3287 eei
1955 3238 1991 3281 n.

477 3284 765 3375 atqueadpendice
778 3282 927 3357 habenda
941 3282 988 3352 sit.
1008 3286 1211 3374 quodetiam,
1255 3307 1513 3359 veioieavs.
1558 3289 1684 3365 Addere
1693 3294 1742 3365 his
1751 3300 1904 3385 potuisset
1915 3318 1991 3370 ner.

478 3378 603 3467 inquit,
627 3374 848 3465 quodammodo
865 3374 1060 3457 succretam
1080 3372 1211 3454 ellimnr,
1255 3392 1351 3449 pau.
1382 3396 1595 3461 nescivit,
1629 3383 1687 3473 qui
1706 3383 1779 3452 iicet
1797 3385 1933 3473 ipsemet
1954 3392 1992 3457 in

474 3481 603 3551 propter
623 3462 749 3527 delicias
775 3462 815 3530 θ’
833 3458 956 3547 firstum
978 3476 1047 3523 mat
1068 3462 1212 3524 emaetico·
1250 3460 1509 3549 deenonstratt'ene
1538 3464 1593 3531 sua
1624 3472 1800 3557 euangelica
1827 3474 1992 3545 methodo

476 3572 567 3632 rum,
589 3550 643 3637 qui
655 3547 736 3615 hanc
744 3548 908 3631 scentiam
921 3539 1059 3639 pbyficaee
1067 3550 1141 3631 fere
1153 3548 1210 3611 ini-
1253 3548 1480 3623 mathematica
1499 3567 1624 3635 viatur,
1652 3557 1687 3621 in
1711 3560 1771 3651 ipfli
1790 3578 1900 3631 tamen
1915 3580 1992 3651 gen-

472 3660 586 3725 perare
604 3636 783 3722 discupitenr.
828 3636 933 3719 Nescio
952 3634 1052 3714 enim,
1071 3636 1211 3719 quefato
1253 3638 1452 3707 metricorum
1476 3636 1691 3724 ,definitionem
1716 3648 1833 3730 aditu,
1866 3648 1993 3737 denstffl.

469 3728 552 3821 fiae,
568 3745 600 3792 ιι
611 3722 833 3791 mathematica
848 3724 887 3793 ὅ
899 3722 1007 3809 logica,
1020 3740 1100 3806 quae
1113 3720 1211 3791 ancil-
1251 3743 1323 3788 met
1335 3742 1492 3791 occurrere
1511 3728 1678 3811 tenebras,
1702 3740 1908 3818 pronuntiat,
1929 3736 1990 3803 ad.

478 3816 582 3882 sarum
597 3808 660 3879 [ιιι
676 3830 749 3897 erga
757 3806 909 3895 physicam
911 3812 948 3893 se
955 3808 1209 3897 gereredebeent,
1251 3806 1381 3895 ditque:
1403 3832 1479 3874 naen
1494 3814 1533 3883 ὅ
1543 3834 1581 3878 ea
1594 3817 1800 3906 definiuntur,
1824 3844 1904 3911 quae
1913 3846 1991 3891 nnt-

476 3900 681 3969 nr'ht'lomt'nus
695 3896 906 3963 certitudinem
918 3896 1011 3979 snam
1019 3914 1099 3980 prae
1111 3916 1148 3960 ea
1161 3896 1210 3958 t'a·
1273 3917 1348 3965 uam
1359 3898 1452 3978 fient,
1467 3918 1521 3963 net
1535 3904 1670 3985 suerunt
1695 3929 1866 3995 nmquam,
1893 3934 1994 3999 neque

477 3994 615 4071 tientes,
637 3987 830 4052 dominatum
843 3998 952 4047 centra
964 4001 1101 4049 exercere
1116 4001 1209 4066 prae·
1251 3918 1392 4049 humana
1406 3984 1556 4071 industria
1567 3988 1619 4085 effe
1628 3992 1767 4079 poffien15
1790 4001 1829 4070 (5
1853 4000 1902 4065 iu
1916 4002 1995 4090 defi.

467 4082 615 4165 firmante
636 4076 674 4140 de
694 4072 846 4161 dignitate
866 4071 904 4140 ts
925 4068 1099 4156 augmentis
1110 4068 1210 4153 stien-
1251 4071 1401 4151 nitentur,
1424 4071 1566 4139 tenibiio
1581 4077 1654 4163 ples
1680 4083 1845 4172 inteih‘ges.
1889 4084 1996 4175 quue
2034 4098 2041 4113 ⁴

477 4167 555 4231 tiae.
569 4164 623 4229 lile.
647 4164 708 4227 sss.
727 4180 752 4224 c.
774 4160 828 4225 Vs.
848 4176 882 4241 p.
902 4178 945 4221 m.
968 4166 1029 4233 182.
1072 4155 1210 4221 Maioris
1250 4156 1556 4247 subiediisexemplis
1569 4184 1643 4230 com
1669 4172 1762 4238 robat
1771 4191 1804 4259 p.
1812 4192 1892 4239 nare.
1901 4176 1995 4263 stqq.

478 4251 639 4317 momenti
660 4249 750 4329 sunt,
771 4264 854 4331 quae
873 4239 1107 4311 mathematicis
1128 4243 1211 4309 obii·
1253 4245 1390 4331 Iungere
1414 4248 1514 4311 etiani
1536 4255 1630 4335 potui
1657 4275 1689 4328 et
1720 4278 1806 4327 aar.
1841 4280 1995 4329 roien.

480 4340 524 4403 cit
537 4336 648 4403 audior
659 4337 740 4399 artis
749 4330 908 4418 cogitandi
916 4334 1063 4413 paeth.
1077 4350 1102 4401 c,
1115 4332 1170 4395 iV.
1175 4347 1211 4415 p.
1252 4352 1356 4412 avii,
1378 4334 1435 4417 qui
1449 4337 1571 4415 acrius,
1595 4360 1693 4429 quain
1708 4350 1876 4435 quisquam
1890 4348 1995 4431 alius,

475 4444 543 4511 3²²·
550 4422 634 4506 seqq.
643 4422 731 4486 Cum
739 4423 826 4487 enini
838 4439 864 4483 c.
877 4420 933 4482 IV.
946 4416 1097 4503 exemplis
1106 4414 1212 4488 osten·
1253 4421 1290 4487 in
1307 4417 1462 4485 mathesin
1480 4421 1652 4495 inuehitur.
1712 4436 1813 4501 Cuius
1834 4433 1995 4523 equidem

481 4508 598 4588 disset,
632 4528 702 4573 non
730 4526 844 4572 omnes
878 4523 1080 4571 nvciinis
1100 4498 1213 4570 defini·
1252 4504 1481 4573 licetinuifiim
1494 4511 1742 4588 multisnonien
1764 4518 1821 4606 fit,
1845 4522 1928 4593 nihil
1944 4526 1997 4593 εἰ.

479 4600 586 4665 tiones
599 4594 683 4661 reste
697 4592 727 4659 se
737 4590 872 4667 haberet
885 4611 910 4658 c.
922 4594 1068 4690 Wporro
1077 4587 1212 4689 demon·
1252 4612 1331 4663 nien
1353 4590 1471 4677 obstat,
1494 4619 1561 4685 quo
1581 4606 1687 4672 minus
1706 4608 1888 4693 interdum,
1907 4618 1999 4699 quae

468 4684 756 4771 'strangemetras
769 4676 1213 4766 nonseenperbeneentelsexie
1253 4700 1332 4757 tuni
1347 4682 1829 4779 veiitateconsentianndicat.
1874 4700 1998 4769 ieveao

1919 4812 1999 4859 Cum
