5259 5967
834 690 1854 845 nu'rnoaaanavummvsruaoioorcrs.
2008 760 2074 829 2⁷⁹

557 843 2067 875 mm

547 878 649 945 'reste
662 876 698 945 δι
710 876 868 963 eleganter
875 874 960 945 dista
967 898 1144 960 occurrere,
1151 903 1233 967 quae
1254 884 1290 949 in
1335 885 1396 970 piis
1411 884 1525 952 cundia
1535 884 1702 965 deriuaret,
1716 888 1960 973 exemplumque
1968 883 2064 967 adeo,

558 964 603 1047 se,
619 964 656 1031 dc
674 980 764 1031 extra
777 960 910 1049 systema
929 967 1084 1119 cuiuqque
1106 964 1289 1054 philosophi
1335 974 1534 1057 praeclarum
1550 976 1657 1061 vtique
1671 992 1768 1061 atque
1783 976 1955 1061 egregium,
1977 975 2060 1057 aliis,

547 1050 715 1139 'spedlata
735 1050 833 1137 longe
846 1049 920 1117 sunt
933 1054 1001 1119 veti
1027 1074 1101 1120 rma.
1145 1052 1291 1123 Vnde&
1335 1056 1424 1143 quod
1445 1060 1659 1141 imitarentur,
1678 1062 1814 1147 reliquit.
1860 1062 2060 1146 lntegrarum

560 1136 653 1227 quod
666 1135 751 1203 hisce
765 1138 801 1201 in
816 1158 911 1223 opere
934 1137 992 1205 suo
1008 1141 1047 1204 de
1072 1143 1139 1207 iure
1157 1142 1229 1205 belli
1251 1143 1290 1213 ὅ
1334 1154 1560 1213 vero'tantum
1580 1150 1742 1235 gentium,
1762 1170 1831 1213 non
1861 1145 2060 1233 singulorum

557 1227 649 1313 pacis
668 1221 868 1301 exornando,
890 1222 1141 1311 illustrandoque
1160 1227 1233 1293 vsus
1252 1226 1289 1295 sit
1333 1230 1523 1313 hominum,
1550 1232 1602 1301 hic
1618 1232 1731 1301 habuit
1752 1236 1932 1309 rationem,
1967 1228 2058 1317 quod

562 1332 600 1379 n.
614 1332 769 1391 enorrvs,
784 1314 919 1377 minime
930 1308 972 1377 cst
990 1312 1288 1400 repreherrdendus3
1333 1319 1382 1385 vel
1398 1316 1471 1385 inde
1485 1321 1656 1407 intelligas,
1671 1319 1760 1407 quod
1775 1339 1835 1387 tres
1848 1319 1943 1387 hosce
1958 1321 2058 1403 libros

561 1396 700 1465 instituti
714 1398 809 1465 huius
821 1402 980 1464 tationem
997 1400 1133 1487 ipsomet
1154 1399 1287 1467 redden·
1331 1404 1369 1469 de
1385 1406 1452 1469 iure
1473 1406 1546 1471 belli
1567 1412 1605 1477 εἴ
1621 1410 1710 1490 pacis
1731 1406 1907 1493 inscripsit,
1936 1406 2058 1472 bellum

560 1484 1056 1571 teinprolgomenis,p.a211,
1320 1510 1442 1563 ,autem
1455 1496 1584 1579 proprie
1605 1492 1645 1559 stc
1671 1492 1794 1561 didlum
1816 1498 1898 1560 inter
1920 1496 2058 1577 integras

650 1572 783 1638 Veteres
798 1568 941 1638 ecclehae
964 1574 1152 1641 christianae
1174 1570 1290 1637 desto·
1332 1598 1452 1665 gentes,
1467 1581 1501 1646 &
1515 1583 1570 1665 qui
1587 1583 1630 1646 eis
1654 1579 1811 1666 praesunt,
1833 1582 1974 1646 summos
1995 1582 2058 1642 im-

562 1680 623 1741 tes,
635 1680 720 1747 quos
731 1676 835 1743 patres
851 1680 1015 1739 vocamus,
1039 1662 1128 1745 saepe
1149 1662 1224 1724 ieris
1241 1656 1288 1723 di·
1333 1684 1476 1750 perantes
1497 1686 1642 1751 geratur;
1658 1664 1789 1734 vnde&
1809 1668 1906 1732 initio
1926 1662 2058 1733 eosdem

564 1749 635 1813 uini
652 1748 759 1831 capita
774 1743 937 1831 inscriptis
947 1746 1007 1811 suis
1022 1751 1202 1832 attingunt,
1237 1742 1287 1809 sed
1331 1754 1410 1815 iteris
1431 1755 1573 1837 galerium
1590 1756 1724 1820 nomine
1752 1752 1912 1840 adpellare
1940 1752 2059 1815 voluit.

562 1834 816 1901 vtreuelationis
829 1836 948 1918 potius,
969 1855 1067 1920 quam
1086 1836 1217 1898 rationis
1239 1834 1286 1896 lu·
1331 1835 1443 1923 Estque
1458 1860 1653 1927 magnopere
1673 1839 1736 1907 hac
1755 1844 1791 1906 in
1809 1861 1843 1907 re
1865 1834 2056 1915 laudandus,

560 1942 639 1987 men
654 1919 833 2005 sequantur,
849 1939 905 1985 aut
922 1919 985 1986 hoc
1002 1919 1194 2007 quandoque
1210 1940 1285 1984 cum
1329 1947 1405 1991 cum
1418 1926 1454 1991 in
1468 1930 1828 2014 gentiumintegrarum,
1842 1926 2059 1993 summorum·
2149 1958 2152 1966 ·

559 2008 619 2075 illo
635 2004 849 2073 confundant.
893 2010 1045 2074 Dicemus
1060 2004 1215 2093 itaquede
1224 2007 1285 2071 illis
1330 2034 1393 2099 que
1409 2013 1638 2097 imperantium
1654 2011 1890 2094 controuersiis,
1905 2014 1982 2078 iuris
1999 2031 2057 2075 na-

561 2116 600 2163 ex
621 2092 789 2173 instituto,
811 2114 886 2159 cum
908 2092 947 2160 de
976 2094 1141 2178 theologia
1170 2093 1285 2157 morali
1331 2100 1441 2165 ruralis
1455 2099 1527 2164 vsus
1542 2104 1711 2187 praecipue
1724 2100 1887 2168 elucescat.
1932 2096 2057 2183 Singuli

562 2184 660 2249 verba
673 2180 842 2256 faciemust
863 2182 918 2245 vbi
934 2182 980 2261 dt,
1004 2203 1085 2267 quae
1105 2184 1153 2247 vir
1173 2178 1287 2247 doetis-
1332 2188 1417 2251 enim
1436 2183 1599 2267 homines,
1624 2189 1732 2274 &qui
1756 2188 1895 2254 aliorum
1904 2185 2057 2269 imperio

561 2266 658 2339 fimus
671 2290 716 2333 ιο.
732 2288 1055 2348 annuntiemus,
1070 2271 1106 2334 in
1114 2268 1287 2352 praqsttio-
1332 2271 1475 2353 subsunt,
1492 2270 1612 2339 habent
1630 2278 1765 2341 verbum
1777 2272 1937 2353 diuinum,
1962 2275 1996 2337 in
2009 2270 2057 2334 sa·

560 2378 611 2438 ne,
624 2352 779 2421 versionis
794 2355 933 2441 gallicae,
959 2359 1064 2440 operis
1081 2350 1287 2419 l‘rrt'endorssi-
1331 2360 1392 2423 ctis
1408 2359 1519 2425 litteris
1533 2362 1813 2445 comprehensum,
1834 2359 1952 2426 habent
1971 2358 2056 2443 leges

561 2444 1007 2527 anideiurenar.&gentiunt
1024 2438 1287 2527 dequornmdam
1331 2443 1457 2511 ciuiles:
1482 2446 1515 2511 dc
1531 2442 1587 2511 has
1603 2444 1733 2533 quidem
1753 2450 1871 2514 merito
1893 2450 1928 2512 in
1951 2442 2056 2511 aelio·

563 2534 649 2603 exiis
662 2527 808 2595 dostrina
830 2530 956 2607 morali,
977 2534 1117 2609 notauit,
1138 2530 1193 2593 seh
1215 2548 1286 2592 exa·
1331 2532 1424 2597 nibus
1448 2532 1508 2597 suis
1532 2529 1704 2619 dirigendis
1724 2532 1900 2619 sequuntur
1918 2532 2057 2615 regulas.

561 2640 641 2687 men
655 2617 855 2683 vocabimus.
919 2614 1103 2682 scholastici
1126 2613 1285 2693 doelores,
1329 2620 1437 2703 Atque
1454 2614 1518 2683 hoc
1535 2622 1589 2704 qui
1610 2617 2055 2707 considerauerit,*perspiciet

562 2708 619 2795 qui
634 2720 738 2791 patres
750 2722 948 2787 exceperunt,
962 2701 1075 2767 itidem
1087 2702 1197 2766 lumen
1212 2703 1285 2765 rati-
1330 2726 1470 2791 quoque,
1480 2706 1563 2773 redte
1579 2728 1630 2773 uv
1640 2728 1671 2773 o.
1693 2726 1885 2773 ouorrvu
1901 2703 2055 2854 principi·

561 2794 650 2875 onis,
667 2807 722 2857 aut
737 2794 876 2856 omnino
889 2786 1289 2875 philosophiamdristote-
1335 2816 1390 2859 um
1411 2795 1487 2858 iuris
1511 2810 1643 2860 naturae
1670 2796 1705 2859 in
1729 2794 1886 2860 societatis
1908 2788 1998 2857 custo
2022 2790 2054 2853 ia

564 2882 662 2949 licam
676 2879 881 2944 cumlumine
902 2872 1289 2956 reuelationis,interdum
1333 2878 1543 2953 constituissea
1566 2878 1720 2965 siquidem
1735 2902 1771 2953 ex
1785 2877 1887 2947 hocce
1900 2877 1990 2945 fonte
2003 2872 2054 2941 os-

563 2969 599 3038 &
613 2986 690 3033 cum
704 2967 772 3032 iure
786 2964 873 3030 ciuili
889 2964 923 3031 dc
936 2966 1106 3045 canonico,
1115 2966 1289 3029 coniunxe-
1332 2962 1403 3032 ficia
1418 2970 1547 3050 quaeuis
1561 2964 1736 3033 hominum
1750 2988 1822 3054 erga
1844 2967 1936 3046 alios,
1961 2983 2055 3030 cum·

561 3072 650 3135 tunt,
657 3054 845 3139 turpiterita
854 3050 969 3116 cundia
982 3053 1064 3115 inter
1071 3050 1289 3123 semiseentes;
1333 3056 1443 3141 primis
1457 3057 1602 3139 gentium
1616 3077 1633 3121 e
1670 3072 1818 3143 agentes,
1833 3051 1967 3121 deriuari
1977 3069 2055 3135 que·

564 3142 707 3215 &variis
727 3139 886 3205 erroribus
909 3135 1185 3223 iurisprndentiam
1206 3136 1288 3204 diui·
1332 3159 1398 3206 ant.
1465 3142 1537 3206 Nec
1559 3162 1618 3227 pro
1640 3143 1662 3206 il
1677 3164 1711 3221 o,
1726 3163 1823 3226 quem
1835 3138 1891 3207 fibi
1907 3132 2055 3225 propost-

563 3250 645 3299 nam
663 3226 935 3293 contaminarunt.
981 3222 1195 3290 Ostendemus
1219 3224 1283 3291 hoc
1328 3245 1396 3291 turn
1412 3222 1559 3307 habebat,
1574 3225 1650 3308 fine,
1665 3228 1784 3293 necerse
1799 3246 1877 3309 erat,
1891 3245 1926 3292 vt
1949 3223 1989 3293 de
2001 3220 2052 3287 of-

561 3314 721 3407 pluribus,
742 3334 819 3379 cum
844 3308 885 3377 ad
903 3311 1102 3397 theologiam
1126 3314 1283 3377 moralem
1328 3310 1406 3378 ficiis
1419 3311 1592 3379 hominum
1606 3314 1714 3399 ergase
1730 3315 1827 3401 ipsos,
1843 3310 2054 3401 autergaDe·

562 3404 814 3493 peruenetimus.
880 3398 1035 3465 Conferre
1054 3420 1131 3465 vero
1150 3399 1283 3480 iuuabit,
1329 3422 1384 3465 um
1398 3420 1521 3485 agerere
1544 3423 1739 3486 quamquam
1752 3398 1877 3467 adhaec
1893 3397 1982 3487 quod
2004 3413 2052 3465 at·

561 3510 645 3579 quae
659 3486 698 3555 de
718 3482 905 3553 scholasticis
925 3484 1111 3551 dodloribus
1135 3482 1284 3567 diximus,
1328 3489 1422 3565 tinet,
1438 3506 1474 3550 ea
1488 3488 1520 3553 2⁵.-
1533 3494 1678 3557 ismaele.
1692 3488 1726 3553 δε
1740 3488 1826 3554 velut
1846 3486 1935 3555 aliud
1957 3507 2054 3569 agen·

562 3581 600 3647 in
612 3574 742 3663 bploria
757 3574 836 3638 iuris
849 3590 953 3636 natur.
967 3584 1000 3652 q.
1012 3577 1067 3638 XI.
1074 3572 1158 3656 fi‘qq.
1329 3570 1384 3651 do,
1401 3576 1547 3657 attingat,
1563 3570 1614 3635 lib.
1630 3572 1670 3633 ll.
1685 3595 1709 3637 c.
1726 3578 1794 3638 XX.
1812 3575 1868 3638 ubi
1882 3572 1922 3639 de
1936 3576 2053 3657 poenis

652 3658 706 3727 Ad
718 3663 894 3727 recentiora
907 3663 1013 3745 itaque
1030 3656 1106 3725 dum
1123 3650 1285 3741 progredi·
1329 3658 1470 3734 diss'erir,
1501 3654 1776 3741 quemadmodum
1804 3656 1845 3724 ad
1865 3660 1920 3725 illa
1944 3656 2053 3723 referri

562 3770 640 3821 mur
655 3764 810 3835 tempora,
826 3743 929 3811 statim
943 3746 1003 3812 sese
1018 3748 1112 3810 nobis
1135 3744 1229 3809 offert
1249 3764 1283 3806 ιι.
1330 3746 1471 3835 possunt,
1496 3765 1577 3827 quae
1598 3744 1652 3809 til.
1673 3750 1717 3813 Il.
1744 3768 1769 3811 c.
1795 3750 1880 3811 XIX.
1904 3752 1934 3827 §.
1953 3748 1990 3811 V.
2014 3741 2054 3809 de

564 3856 754 3915 onorius,
768 3830 809 3899 ad
820 3836 908 3897 errius
922 3832 1041 3897 famam
1056 3833 1284 3896 celebritatem·
1331 3844 1469 3905 aarum,
1484 3829 1633 3914 disputat.
1677 3830 1870 3899 Laudandus
1895 3834 1930 3898 dc
1954 3834 1989 3895 in
2012 3849 2053 3895 eo

567 3943 637 4009 que
651 3918 736 3985 haud
747 3921 855 4007 exigua
867 3940 923 4005 per
936 3916 1057 4005 infigne
1071 3917 1150 3983 illud
1165 3919 1202 3981 de
1217 3918 1284 3979 iure
1329 3934 1516 3995 onorius,
1534 3916 1621 4001 quod
1637 3918 1818 3985 ecledlicam
1827 3920 1973 4003 sequatur
1982 3912 2054 4001 phi-

565 4008 694 4077 belli&
702 4008 789 4091 pacis
804 4028 888 4093 opus
901 4005 982 4073 fadla
998 4000 1195 4071 ellaccellro.
1229 4004 1282 4067 Et·
1327 4002 1518 4085 losophundi
1541 4006 1719 4085 rationem,
1754 4002 1843 4091 quod
1866 4002 2054 4090 &ipsemet

564 4086 695 4165 sienim
711 4108 782 4158 ante
802 4114 874 4159 eum
897 4114 986 4159 ruit.
1010 4110 1285 4167 aratrucnrnou,
1331 4088 1497 4175 profitetur
1511 4091 1721 4177 inprolrgom.
1739 4100 1766 4173 §.
1781 4096 1877 4157 XLII.
1921 4088 2053 4156 Schola-

561 4187 599 4253 in
611 4180 668 4249 sua
675 4178 884 4265 philosophiae
891 4180 1018 4243 moralis
1033 4181 1172 4263 epitome,
1183 4179 1218 4241 &
1232 4198 1285 4240 aa·
1331 4176 1483 4243 sticorum
1502 4194 1608 4241 tamen
1618 4178 1809 4244 authoritate
1823 4170 2052 4263 abreptumad-

563 4292 647 4339 xeo.
662 4288 952 4345 winctctravs,
966 4268 1000 4331 in
1015 4265 1068 4331 sua
1082 4267 1118 4328 de
1128 4263 1288 4347 principiis
1331 4264 1462 4329 seruisse.
1479 4266 1526 4327 ius
1542 4280 1671 4329 naturae
1681 4264 1757 4343 r'ore,
1769 4262 1888 4331 etiamli
1902 4281 2052 4349 ponatur,

567 4358 645 4421 iteris
656 4356 942 4435 commentatione,
953 4350 1286 4437 &aliiquidamquae
1331 4372 1401 4413 non
1416 4350 1473 4414 elle
1484 4350 1601 4427 Deum,
1616 4370 1707 4415 antea
1723 4353 1786 4415 iam
1802 4350 2052 4416 obseruauimus.

567 4440 636 4513 huc
646 4440 752 4509 referri
775 4440 916 4525 poffunt,
941 4443 1114 4525 attigerunt
1133 4461 1142 4507 ς
1165 4454 1285 4501 nonta-
1331 4438 1400 4502 Nec
1423 4432 1455 4501 id
1477 4432 1540 4500 fine
1559 4433 1803 4519 reprehensione
1825 4438 1974 4503 nonnulli
2005 4434 2054 4503 di·

562 4550 643 4597 men
656 4524 733 4595 haec
741 4524 901 4593 eiusmodi
914 4526 997 4605 sunt,
1005 4543 1038 4588 vt
1052 4523 1104 4589 hic
1118 4526 1151 4588 in
1160 4522 1286 4587 cenlirm
1331 4520 1526 4588 mittendum
1541 4524 1677 4601 censent,
1695 4520 1784 4609 quod
1800 4547 1873 4590 cum
1889 4528 1937 4591 ius
1951 4526 2053 4610 genti·

562 4618 673 4685 venire
688 4630 821 4701 queant.
866 4614 987 4677 Primus
1001 4614 1108 4696 itaque
1123 4628 1285 4675 monom-
1332 4631 1388 4674 um
1409 4614 1445 4673 in
1468 4626 1632 4674 externum
1659 4611 1693 4676 dc
1711 4614 1876 4677 internum
1890 4610 2053 4696 dispescat,

561 4720 597 4771 vs
608 4700 681 4782 fuit,
698 4704 755 4787 qui
770 4699 854 4765 hanc
868 4694 1090 4785 philosophiae
1105 4713 1227 4780 partem
1240 4696 1284 4760 se·
1328 4696 1387 4765 illo
1401 4716 1515 4786 mores
1524 4713 1651 4764 tantum
1666 4700 1812 4785 gentium
1825 4696 1980 4786 designem
1997 4698 2053 4777 qni

560 4792 704 4883 paratim
717 4790 766 4855 ita
777 4784 938 4869 tradlauit,
954 4802 988 4853 vt
1004 4804 1041 4857 ex
1054 4784 1145 4853 certis
1163 4784 1283 4869 princi·
1945 4800 2054 4850 tamen
