5259 5967
560 676 628 750 or
650 672 965 748 ruuotoota
987 670 1230 747 turmot
1260 670 1353 745 srv
1382 674 1726 793 ooouartcr.
1877 690 1939 773 ³⁶³

557 820 589 919 §.
614 818 700 896 XV.
726 820 913 895 Romanae
935 818 1103 895 ecclesiae
1127 818 1298 897 doctores
1319 821 1488 923 plerique
1509 848 1596 899 cum
1617 824 1806 924 theologia
1828 824 1936 938 syste-

534 916 869 995 ascholasticorum
883 918 993 993 etiam
1011 918 1247 996 retinuerunt
1267 945 1348 995 non
1374 942 1519 997 tantum
1533 946 1677 999 errores
1693 921 1934 1021 dogmaticos,

546 1016 613 1093 reli
642 1016 788 1093 novitia
805 1044 816 1101 ;
841 1016 1017 1092 nonnulli
1032 1038 1157 1093 tamen
1169 1019 1267 1094 inter
1285 1043 1352 1094 eos
1366 1019 1595 1112 exstiterunt,
1607 1022 1672 1122 qui
1685 1021 1776 1095 haec
1790 1043 1934 1099 vtcum-

534 1042 727 1205 mendace,
752 1114 792 1190 dc
805 1113 997 1189 meliorem
1012 1115 1222 1193 tlteolotriae
1251 1118 1448 1193 conciliare
1473 1116 1623 1209 faciem,
1647 1118 1795 1219 adgreffi
1808 1118 1933 1197 sunt*

534 1236 614 1290 nter
629 1213 812 1317 reliquos,
859 1213 933 1288 uia
956 1215 1065 1289 nobis
1088 1182 1321 1308 discutiunt,
1355 1216 1576 1308 defuerunt,
1610 1217 1743 1319 quibus
1763 1215 1930 1319 systema-

534 1337 640 1389 aecce
658 1310 852 1387 docendit
880 1312 1063 1413 eologiam
1078 1314 1171 1389 ratio
1185 1315 1353 1417 placeret.
1378 1321 1411 1359 **

541 1434 627 1499 Cum
641 1432 677 1495 in
693 1425 818 1496 ecclesia
841 1451 975 1498 romana
991 1429 1153 1519 theologia
1198 1430 1288 1501 ldem
1302 1434 1490 1522 &ingenue
1510 1434 1651 1521 agnoscit
1669 1454 1758 1501 tvo.
1782 1456 1855 1503 etr
1865 1457 1927 1504 trs

534 1521 615 1587 atita
626 1539 690 1583 vna
704 1538 778 1583 cum
793 1514 976 1584 scholastica
985 1523 1153 1605 praecipue
1196 1543 1248 1588 nv
1270 1543 1356 1602 eru,
1375 1524 1410 1588 iu
1422 1519 1561 1587 methodo
1567 1521 1666 1607 studii
1673 1520 1842 1608 theologici,
1852 1544 1876 1588 c.
1883 1528 1927 1591 II.

534 1604 579 1677 it,
601 1607 822 1690 maximosque
836 1605 1015 1691 progressus
1031 1606 1149 1687 fecerit,
1190 1627 1224 1694 p.
1244 1630 1296 1691 ²4·
1340 1611 1410 1675 Nec
1440 1627 1549 1675 tamen
1579 1605 1642 1675 hoc
1673 1607 1791 1675 sadlum
1811 1608 1855 1675 est
1885 1612 1926 1675 ab

534 1689 610 1759 odos
624 1690 752 1777 insuper
766 1714 805 1757 ac
821 1690 1046 1779 propagandos
1063 1715 1151 1761 erro·
1195 1697 1357 1762 omnib'us.
1380 1696 1418 1761 ln
1431 1696 1576 1781 plurimis
1585 1697 1671 1761 enim
1686 1693 1925 1762 romanensium

534 1802 569 1847 ea
582 1794 745 1863 receptos,
768 1780 803 1847 &
823 1780 1006 1865 supremam
1021 1783 1149 1847 romani
1192 1780 1432 1870 systematibus,
1454 1784 1627 1868 ceterisque
1647 1781 1768 1870 scriptis
1793 1780 1924 1870 dogma-

534 1865 1149 1952 cisauscoritatemconseruandamplu·
1193 1873 1278 1950 titis,
1305 1890 1381 1935 cum
1407 1872 1498 1956 nugis
1526 1870 1560 1936 dc
1586 1871 1732 1953 ineptiis,
1764 1870 1923 1939 barbaries

534 2010 536 2019 .
558 1952 673 2028 saciata
702 1954 842 2019 rationes
867 1952 978 2035 facile,
1006 1977 1063 2020 cur
1083 1972 1148 2019 tam
1191 1952 1450 2022 scholallicomm
1472 1952 1575 2021 adhuc
1600 1974 1722 2041 regnat.
1778 1957 1922 2039 Interim,

534 2057 584 2107 ter
597 2043 632 2105 in
648 2036 760 2106 eadem
774 2043 962 2118 retineatur,
975 2042 1148 2127 perspicere
1192 2065 1263 2108 non
1270 2065 1336 2109 vno
1345 2039 1522 2129 eodemque
1531 2042 1605 2107 loco
1612 2042 1778 2125 scriptores
1787 2042 1921 2131 dogma-

539 2125 559 2194 d
584 2148 622 2191 ue
638 2129 794 2193 maximus
809 2128 863 2192 ille
877 2125 1097 2214 systematum,
1110 2150 1147 2194 ac
1192 2133 1273 2195 ticos
1285 2124 1429 2196 ecclesiae
1436 2127 1531 2196 huius
1547 2126 1727 2208 habendos,
1741 2150 1840 2197 nemo
1851 2153 1921 2197 non

534 2148 1145 2297 ndiorum,postecclesiaeetiamemen-
1189 2216 1280 2282 facile
1299 2215 1459 2302 perspicit.
1504 2216 1641 2281 Fuerunt
1664 2236 1820 2302 namque,
1876 2222 1918 2299 ui,

534 2322 580 2369 em
595 2322 613 2381 a
629 2298 870 2367 romanensibus
878 2300 1145 2387 conscriptorum,
1188 2300 1311 2370 reiectis
1327 2299 1588 2368 scholasticorum
1600 2306 1788 2382 ratiociniis,
1798 2306 1833 2371 ὅ(
1845 2240 1919 2390 phi-

534 2410 567 2454 us
589 2385 729 2454 testatur.
773 2388 913 2454 Fuerunt
934 2385 1083 2475 equidem
1094 2392 1144 2454 in·
1188 2385 1377 2475 losophicis,
1391 2388 1505 2475 quibus
1518 2385 1714 2473 theologiam
1729 2390 1917 2471 obruerunt,

540 2521 550 2554 ,
574 2478 629 2561 qui
643 2473 894 2561 systematicam,
916 2474 970 2542 seu
985 2473 1144 2562 dogmati·
1188 2474 1473 2561 disputationibus,
1496 2476 1609 2540 veteris
1633 2472 1779 2541 ecclesiae
1801 2473 1916 2543 doeio-

533 2561 727 2647 teologiam,
751 2557 944 2642 emendare,
967 2564 1002 2631 &
1023 2586 1041 2628 a
1059 2563 1144 2628 vitiis
1188 2583 1261 2629 rum
1282 2557 1409 2647 pressius
1428 2560 1515 2646 sequi
1533 2557 1679 2647 vestigia,
1697 2562 1731 2628 δε
1745 2582 1783 2627 ex
1795 2559 1916 2635 horum

534 2645 674 2714 licorum
703 2668 869 2734 repurgare
895 2644 1027 2735 adgressi
1054 2648 1145 2724 sume
1189 2668 1316 2716 tantum
1345 2648 1563 2713 monumentis
1594 2644 1747 2735 dogmata
1772 2646 1916 2722 deriuare

534 2758 546 2801 :
560 2731 684 2818 deipsis
701 2731 905 2820 dogmatibus
922 2756 991 2801 non
1000 2732 1041 2803 est
1050 2734 1144 2801 intel·
1189 2734 1300 2802 theolo
1322 2736 1388 2813 ica,
1402 2733 1584 2799 consultum
1596 2731 1763 2802 duxerunt.
1806 2738 1915 2823 Atque

534 2824 641 2901 tm,in
655 2823 769 2905 quibus
783 2816 854 2907 post
872 2816 1047 2907 adprobata
1067 2843 1144 2887 con·
1188 2822 1265 2889 hinc
1311 2819 1455 2887 iscrimen
1475 2817 1573 2901 illud,
1605 2818 1691 2907 apud
1709 2824 1914 2892 romanenses

534 2905 677 2975 ridentini
692 2905 828 2989 decreta,
836 2906 910 2974 faeti
922 2907 995 2974 sunt
1008 2906 1144 2975 deterio-
1186 2905 1356 2988 vsttatum,
1377 2910 1460 2973 inter
1479 2904 1568 2973 theol
1613 2910 1678 2973 iam
1695 2910 1859 2993 pofitiuam
1880 2911 1915 2979 dt

534 3017 580 3062 tm
594 2998 627 3060 in
644 2998 801 3062 veteribus
824 3012 936 3060 contra
951 2992 1142 3062 scholasticis
1175 2992 1387 3145 scholapicam
1399 3009 1546 3060 exortum
1562 3015 1578 3059 e
1612 3040 1622 3074 ,
1638 2991 1678 3061 de
1693 3016 1760 3081 quo
1773 2996 1865 3081 supra
1873 2995 1915 3065 ad

534 3082 721 3168 epraeclara
746 3078 849 3149 adhuc
862 3081 983 3150 exstent
1001 3083 1142 3149 veritatis
1188 3084 1262 3167 §.L
1303 3082 1374 3147 uius
1392 3080 1502 3165 capitis
1523 3076 1655 3147 didlum.
1700 3078 1754 3149 Ad
1765 3082 1919 3169 posstiue

534 3172 604 3235 mia.
627 3168 924 3254 Barbariemitaque
938 3167 1040 3235 solum
1055 3171 1143 3256 prio·
1185 3174 1294 3255 itaque
1320 3164 1488 3319 theologiae
1513 3166 1679 3253 scriptores
1704 3168 1764 3236 hae
1786 3172 1914 3242 ratione

534 3277 703 3340 mporum,
732 3251 883 3320 adhibitis
904 3253 1076 3341 scripturae
1097 3254 1144 3319 sa·
1187 3277 1242 3323 eos
1255 3273 1368 3320 omnes
1379 3274 1411 3321 re
1425 3274 1491 3319 erre
1499 3254 1593 3335 licet,
1614 3256 1670 3340 qui
1683 3250 1913 3340 perlatill‘tmos

534 3345 569 3409 in
590 3362 721 3422 uarum,
745 3340 990 3426 &antiquitatis
1004 3338 1144 3409 ecclesia·
1188 3342 1385 3426 antiquitatis
1408 3336 1630 3407 ecclesiasticae
1649 3363 1781 3429 campos
1802 3341 1833 3412 se
1852 3343 1914 3411 dis·

560 3362 721 3508 sstbstdiis,
756 3445 931 3512 vtcumque
955 3424 1141 3514 abstergete,
1184 3426 1369 3508 fundentes,
1390 3448 1427 3494 ex
1449 3444 1577 3578 patrum
1597 3429 1718 3513 scriptis
1735 3452 1773 3496 ac
1793 3451 1913 3499 monu-

534 3515 567 3582 lli
583 3518 729 3581 animum
750 3510 944 3581 induxerunt
965 3513 1068 3582 suum.
1089 3511 1142 3581 Ad
1185 3516 1322 3596 mentis,
1336 3534 1447 3600 quaea
1486 3533 1555 3579 rem
1568 3511 1656 3578 suam
1671 3514 1769 3581 facere
1782 3536 1913 3602 putant,

534 3603 664 3686 xemplo
687 3598 934 3688 protestantium
952 3622 1007 3669 eos
1028 3604 1143 3668 excita·
1186 3602 1363 3687 colligunt3
1385 3620 1466 3684 quos
1482 3601 1565 3666 inter
1584 3602 1802 3685 principatum
1825 3620 1913 3673 tenet

534 3688 1144 3774 semecurttrmaonuvsfflraefflt.
1187 3708 1354 3757 prostes.
1388 3706 1615 3767 rrrrvrvs,
1655 3688 1690 3752 in
1721 3687 1913 3772 dogmatibus

534 3776 628 3843 Ltom.
646 3779 704 3839 111.
717 3772 842 3840 fatetur.
886 3774 1003 3854 Multi,
1024 3776 1144 3860 inquit,
1185 3774 1369 3860 theologicis.
1412 3769 1474 3839 sed
1491 3769 1528 3839 de
1548 3770 1631 3839 hisce
1651 3774 1819 3856 omnibus,
1837 3796 1912 3846 cunt

534 3863 555 3927 ti
565 3882 622 3947 per
634 3859 826 3926 Lutberanos
838 3862 877 3931 ὅ
894 3859 1095 4012 Calatinpias,
1107 3861 1144 3925 de
1186 3861 1435 3948 insequentibus
1449 3863 1540 3925 alll.
1552 3859 1605 3924 vbi
1619 3856 1658 3926 de
1681 3857 1844 3949 theologia
1858 3884 1914 3948 pa-

534 3950 654 4013 excitati
660 3949 752 4030 fiant,
767 3949 807 4018 ὅ
811 3947 906 4033 fidem
924 3969 1002 4011 acre
1019 3951 1144 4036 gionem
1185 3945 1302 4016 tristica
1315 3967 1461 4035 agemus,
1483 3946 1577 4010 nobis
1598 3966 1635 4011 ex
1655 3943 1800 4013 instituto
1821 3951 1915 4021 verba

534 4057 613 4099 inam
627 4032 795 4119 dolliffimis
808 4034 896 4098 libris
908 4056 945 4097 ac
959 4052 1144 4099 commenta·
1186 4034 1288 4102 facere
1318 4036 1444 4099 animus
1472 4028 1526 4108 fit,
1545 4053 1633 4099 nunc
1662 4053 1717 4099 eos
1743 4036 1914 4107 mittimus.

534 4122 692 4209 ostreorum.
736 4126 777 4185 Et
789 4122 883 4204 fitne,
894 4122 928 4204 st
943 4121 1019 4186 haec
1041 4120 1143 4207 nostra
1186 4117 1270 4187 Illud
1285 4136 1413 4186 tantum
1425 4115 1538 4185 addere
1552 4119 1757 4199 liceat,intet
1774 4142 1840 4204 eos,
1881 4128 1914 4195 ui

534 4230 553 4272 a
566 4212 764 4291 conferamur
779 4208 1062 4292 cumsttperiors'bus
1069 4227 1144 4294 pro·
1187 4206 1227 4275 de
1243 4202 1442 4273 emendanda
1457 4202 1622 4355 theologia
1636 4204 1821 4278 scholastica
1828 4144 1915 4283 sodli.

534 4296 693 4374 retatibus,
708 4294 819 4378 quibus
838 4295 887 4358 vel
901 4294 980 4358 nulli
991 4293 1041 4359 ael
1050 4293 1145 4378 pauci
1188 4295 1245 4361 citi
1257 4292 1403 4372 fuerunt,
1419 4294 1561 4377 primum
1581 4312 1631 4359 ere
1643 4296 1916 4384 praecipuumque

534 4380 907 4465 ciecclestamturbarunt5
919 4380 1018 4463 facile
1031 4401 1086 4444 con
1110 4402 1146 4443 a·
1188 4380 1299 4447 locum
1314 4396 1421 4445 tenete
1437 4400 1489 4445 ro.
1519 4397 1838 4463 mutuemur,
1861 4384 1914 4452 so·

534 4486 619 4532 ntum
633 4468 757 4531 lucisne
768 4466 941 4549 splendoris
959 4468 1004 4531 ad
1019 4484 1070 4530 cat
1092 4466 1145 4530 oli·
1187 4467 1308 4536 cietatis
1334 4464 1399 4531 lesu
1426 4463 1638 4551 theologum,
1663 4464 1702 4537 de
1727 4490 1794 4559 quo
1820 4490 1914 4541 aar,

534 4554 797 4639 ltfiaedoslrinam
810 4549 910 4635 acctff
929 4575 961 4633 e,
981 4573 1144 4639 quantum,
1189 4573 1463 4623 rossrvtuvs:
1486 4572 1554 4618 cum
1575 4572 1645 4616 vero
1666 4550 1830 4640 haeresum
1849 4575 1913 4623 tor·

534 4643 596 4710 :tici
606 4641 687 4708 nulli
702 4640 803 4728 effi’nt,
815 4657 884 4705 acce
902 4641 1144 4731 ffetnemquam.
1188 4663 1259 4711 rens
1288 4638 1454 4794 igundaret
1462 4638 1586 4724 saeculo
1607 4636 1695 4710 hocce
1714 4646 1917 4798 σεννηιιιὲῖἶιί

1332 4742 1390 4795 22
1819 4732 1849 4799 G
1899 4730 1905 4743 '
