5259 5967
342 401 413 493 ,gig
438 399 1080 505 wastinio.
1099 405 1144 491 t
1166 401 1180 511 j·
1203 432 1214 481 :
1228 399 1272 487 te
1295 403 1429 491 oreo·
1507 416 1592 489 ete·

728 710 798 778 qao
1024 680 1165 749 LIBRI
1201 676 1552 747 POSTERIORIS
1582 671 1757 747 cttvr
1779 672 1988 751 tutstvut

865 782 1954 807 ww...
1982 778 2242 803 ..........
2289 786 2296 791 .

745 829 891 898 Arabum
898 822 970 886 issos
983 836 1101 883 mamm
1115 814 1167 881 seu
1181 814 1335 897 loquentes
1349 838 1366 878 a
1375 816 1473 879 Grae·
1517 830 1595 893 erat,
1607 830 1673 877 tarn
1682 814 1908 897 perspicuitate,
1929 832 1996 877 tum
2016 812 2183 895 brenitate,
2201 814 2252 881 irt-

747 900 1471 994 corumphilosophisoriginemsuamtrabcre,
1516 898 1693 987 exhaustum
1710 901 1889 966 traditionis
1907 900 2160 985 promptuarium
2174 921 2253 986 pro.

747 998 923 1072 existimat,
936 994 1019 1075 sam.
1034 990 1181 1072 obst-ruat.
1206 987 1259 1053 lib.
1271 992 1332 1054 ΙΙΙ.
1350 1008 1375 1052 c.
1392 990 1474 1051 XXI.
1518 986 1602 1069 tusit,
1615 988 1647 1050 in
1661 1007 1721 1071 qao
1736 986 1819 1055 nibil
1830 988 2019 1074 reperirrfir.
2044 992 2126 1072 qnod
2146 988 2252 1055 nesab

746 1101 782 1173 ς.
795 1088 867 1151 tttt.
877 1102 910 1167 p.
922 1086 989 1161 786.
1003 1079 1057 1144 vbi
1071 1078 1162 1161 plura
1175 1072 1214 1141 de
1231 1074 1328 1141 hacce
1342 1075 1475 1139 arabum
1517 1076 1713 1140 oecumenicis
1717 1074 1842 1163 Jjnodir
1846 1076 2002 1159 fiancitam
2010 1097 2072 1139 non
2076 1074 2192 1159 fiterit,
2199 1071 2260 1141 vel

748 1168 1021 1264 philosophorum
1058 1162 1140 1230 scita
1167 1159 1357 1249 suppeditat.
1422 1155 1476 1227 Ad
1517 1183 1539 1228 a
1565 1163 1710 1248 probatis
1736 1161 1867 1247 ecclcfiae
1898 1163 2051 1251 magistris
2080 1179 2252 1248 acceptum.

747 1276 953 1333 coruunt
966 1250 1111 1319 nostrum
1130 1263 1476 1317 onnascruvtrvt
1518 1251 1569 1316 De
1589 1269 1864 1316 rneonorcrrr
1889 1272 1997 1336 opere,
2020 1251 2110 1316 cuius
2132 1250 2252 1317 audior

748 1364 958 1421 reuertamur,
984 1362 1067 1426 opus
1083 1340 1149 1405 eius
1169 1337 1206 1401 de
1227 1334 1400 1401 orthodoxa
1411 1334 1476 1421 fide
1518 1339 1722 1403 mentionem
1736 1336 1824 1416 facit,
1837 1339 1913 1403 alibi
1928 1340 1986 1404 erit
2005 1334 2132 1403 dicendi
2146 1338 2251 1403 locus.

748 1432 838 1523 apud
852 1434 982 1498 Latinos
996 1430 1029 1492 in
1043 1444 1181 1512 quatuor
1204 1423 1302 1508 vulgo
1323 1419 1477 1488 diuiditur
1521 1421 1574 1492 ad
1589 1444 1708 1489 onata
1719 1444 1732 1488 s
1743 1445 1889 1489 cnuvm
1902 1421 1991 1512 quod
2008 1426 2137 1505 attinet,
2153 1421 2177 1491 st
2192 1445 2252 1509 pa·

748 1525 861 1591 libros.
928 1518 1003 1581 Eius
1026 1532 1103 1579 vero
1115 1512 1299 1597 partitionis
1311 1505 1478 1595 vestigium
1522 1527 1609 1577 trum
1631 1507 1812 1577 testimonia
1835 1533 1909 1577 eum
1933 1512 1967 1577 in
1987 1506 2085 1576 finem
2105 1507 2251 1591 adduxit,

690 1601 693 1607 ’
748 1630 827 1677 cum
847 1609 882 1671 in
909 1602 1001 1667 nullo
1028 1596 1139 1665 codice
1165 1617 1282 1684 graeco
1310 1593 1478 1681 adpareate
1541 1595 1608 1665 uod
1626 1615 1760 1684 putaret,
1779 1597 1952 1683 scripturae
1970 1596 2166 1685 iungendam
2186 1617 2251 1665 tra·

749 1715 874 1765 mrcrr.
890 1707 1077 1774 urqvtun
1091 1706 1161 1750 non
1180 1682 1244 1752 fine
1261 1685 1477 1750 rationecou·
1519 1620 1693 1758 ditionem,
1719 1687 1854 1750 minime
1876 1682 2053 1751 laudandus
2080 1680 2141 1761 esst
2172 1706 2249 1755 cum

750 1784 832 1861 iicit,
854 1798 923 1845 eam
943 1798 962 1841 a
986 1775 1108 1839 Latinis
1128 1774 1352 1858 excogitatam,
1374 1772 1477 1836 intro·
1521 1771 1588 1839 sola
1601 1770 1750 1855 scripturi
1768 1768 1804 1837 sit
1823 1766 1897 1838 fidei
1912 1795 1949 1838 ac
1970 1775 2053 1839 vitae
2069 1770 2179 1841 nostae
2202 1796 2252 1841 re·

751 1866 946 1951 ductamque
961 1859 1059 1941 fuisse,
1075 1856 1115 1925 ad
1129 1856 1479 1943 instarquatuorlibro·
1521 1858 1605 1947 gula.
1677 1860 1812 1925 Praeiuit
1831 1876 1938 1925 tamen
1949 1862 2047 1926 etiam
2068 1856 2128 1925 hac
2154 1862 2191 1929 in
2215 1881 2250 1927 re

754 1976 829 2024 rum
858 1951 1090 2017 sententiarum
1121 1948 1201 2011 Petri
1229 1940 1420 2017 bombardie
1442 1945 1479 2009 in
1521 1944 1703 2030 exemplum
1714 1942 1900 2012 dodoribus
1913 1943 2120 2015 scholasticis.
2185 1942 2250 2019 Sed

745 2041 873 2131 prologo
880 2038 971 2123 operi
982 2035 1060 2102 huic
1073 2034 1110 2099 de
1122 2031 1294 2099 orthodoxa
1300 2032 1365 2118 fide
1387 2050 1477 2115 prae·
1520 2033 1645 2100 iuuabit
1659 2054 1758 2119 porro
1773 2052 1820 2097 mr
1831 2053 2024 2100 cnaccrtt
2048 2055 2094 2101 ιε
2118 2052 2248 2121 ouran

749 2127 856 2209 misso,
870 2142 944 2191 tom.
958 2126 982 2187 l.
994 2141 1027 2208 p.
1043 2141 1094 2204 rtp.
1136 2118 1233 2185 Hanc
1246 2115 1478 2204 ergosrsequa·
1518 2117 1644 2185 audire:
1669 2120 1813 2203 Inprimis
1826 2122 2051 2205 oerofitquatas
2073 2119 2111 2207 est
2136 2126 2251 2207 Grego-

750 2237 826 2283 mur
839 2214 1060 2300 partitionem,
1080 2210 1115 2272 in
1130 2208 1234 2292 primo
1246 2204 1325 2271 libro
1342 2224 1474 2271 uasta·
1516 2208 1600 2272 ritem
1612 2207 1865 2288 Nazianzenam,
1880 2210 1980 2293 qaiosr
1991 2204 2251 2295 adteratiffimam

753 2320 911 2371 seruus
932 2296 971 2363 de
992 2299 1064 2362 Deo
1087 2298 1164 2379 agit,
1189 2296 1318 2377 eiusque
1336 2290 1474 2369 essentia,
1518 2294 1552 2358 in
1570 2292 1660 2357 rebus
1673 2294 1788 2358 diuinis
1801 2295 2014 2373 eruditionem,
2026 2294 2250 2383 theologam·

749 2388 909 2459 attributis
923 2387 958 2451 &
971 2381 1128 2468 personis,
1151 2378 1190 2447 de
1198 2380 1475 2447 rebusaDeocte·
1516 2381 1583 2444 dire
1594 2381 1723 2460 meruit,
1762 2382 1873 2465 quique
1897 2382 1956 2445 vix
1977 2381 2071 2448 oliam
2089 2383 2251 2450 doiirinae

748 2479 822 2556 atis,
834 2473 998 2560 speciatim
1016 2465 1056 2535 de
1075 2465 1219 2547 homine,
1244 2464 1322 2529 libro
1332 2464 1474 2547 strando,
1517 2466 1698 2551 christianae
1711 2483 1803 2551 ceput
1816 2468 1969 2534 ineassum
1990 2468 2128 2553 reliquit,
2142 2469 2251 2552 insuit

748 2566 805 2631 vbi
819 2551 1129 2646 &deprouidentia
1151 2551 1367 2640 praescientia,
1384 2571 1475 2635 prae·
1537 2574 1595 2617 aar
1610 2553 1780 2637 fitperfimt,
1808 2553 1960 2637 operibns,
1978 2556 2093 2640 aisque
2110 2556 2175 2621 osso
2200 2556 2254 2621 re!

750 2648 972 2726 destinatione,
986 2642 1138 2728 lapsuque
1148 2640 1245 2725 primi
1258 2636 1474 2703 hominisver·
1515 2575 1648 2725 seuiffoni
1661 2640 1878 2705 errorisnaeno
1894 2642 2132 2727 arefiaspicione.
2175 2646 2248 2707 Hit-

750 2740 792 2805 ba
808 2735 892 2801 facit.
936 2734 985 2797 De
999 2729 1221 2795 incarnatione
1233 2720 1292 2791 filii
1307 2725 1378 2803 Dei,
1397 2720 1476 2789 dum
1518 2728 1567 2791 ias
1582 2725 1677 2792 libros
1692 2747 1728 2790 ea
1743 2726 1858 2813 legerat
1875 2725 2054 2812 affldnitate,
2089 2747 2127 2795 vt
2143 2750 2251 2797 omnes

747 2823 829 2889 iibro
843 2820 934 2884 tertio
946 2838 983 2882 cx
1008 2817 1088 2894 onst,
1124 2806 1273 2879 srmusde
1291 2809 1476 2897 persona&
1511 2812 1597 2900 fideli
1616 2815 1765 2877 memoria
1778 2815 1947 2899 complexos
1969 2816 2126 2883 videatur.
2156 2806 2249 2905 'Qut

748 2909 873 2977 naturis
894 2838 1011 2971 chritso
1038 2900 1169 2987 copiose
1190 2896 1318 2963 disserit.
1385 2894 1474 2963 sdem
1516 2900 1598 2963 circa
1611 2900 1645 2963 in
1657 2898 1714 2965 hoc
1724 2896 1829 2986 pafflm
1843 2919 1932 2985 opere
1943 2920 2085 2968 nontam
2100 2906 2252 2969 loannem

749 2997 830 3063 libro
850 3007 962 3079 quarto
989 2991 1159 3055 continuat
1185 3000 1420 3070 argumentum,
1440 2976 1473 3047 sr-
1517 2988 1750 3068 Damascenam,
1763 3009 1858 3072 qaam
1876 2989 2053 3075 Gregoriam
2072 2988 2252 3077 theologam

750 3084 885 3167 musque
902 3076 941 3144 de
956 3073 1029 3153 fide,
1043 3072 1213 3158 baptismo,
1234 3072 1407 3155 ceterisque
1426 3090 1472 3136 re·
1520 3071 1790 3225 orthodoxaeptei
1803 3075 1942 3160 mysteria
1961 3074 2174 3161 tdafferentem,
2190 3098 2251 3143 aa·

750 3171 880 3255 ligionis
894 3162 1080 3230 christianae
1093 3158 1247 3244 capitibus
1263 3154 1415 3243 disquirit.
1429 3156 1479 3223 De
1521 3160 1626 3223 dieris.
1670 3165 1702 3225 A
1734 3158 1809 3226 haec
1822 3160 1965 3244 Basiliam
1983 3182 2131 3248 magnum
2152 3164 2251 3249 adsci-

750 3254 834 3322 hisce
846 3250 998 3317 omnibus
1017 3250 1061 3311 ita
1071 3246 1236 3331 praecipit,
1252 3259 1285 3306 vt
1300 3263 1478 3329 numquam
1521 3246 1578 3326 nit,
1595 3248 1775 3333 Gregorittm
1799 3250 1970 3334 Npffinttm,
1988 3260 2082 3333 atqrae
2103 3252 2252 3334 inprimis

752 3360 822 3407 non
836 3358 963 3421 appan„
978 3328 1169 3400 scholasticis
1188 3328 1344 3409 usitatum,
1368 3329 1477 3395 conse·
1519 3352 1623 3398 eorum
1655 3331 1860 3418 anriciffimton
1878 3335 2048 3419 Nemefiam
2071 3340 2193 3421 Emefire
2213 3339 2247 3403 ire

753 3426 881 3496 dicture
925 3416 1055 3486 subinde
1083 3436 1194 3484 tamen
1218 3414 1370 3483 admiscet
1390 3418 1476 3496 talia,
1517 3421 1797 3570 yriaepiscopam,
1815 3422 1959 3505 Cyriisam
1981 3424 2088 3487 itidem
2110 3423 2251 3491 Asea-an·

776 3534 836 3581 uae
851 3505 892 3575 ad
908 3504 1103 3593 theologiam
1115 3526 1184 3569 non
1200 3502 1350 3590 spediant.
1378 3504 1475 3571 Eum·
1539 3507 1652 3586 rinum,
1673 3512 1803 3571 Leonem
1825 3528 1982 3595 magnum,
2011 3510 2172 3575 Leontium
2195 3517 2253 3599 uy-

752 3536 832 3671 dem
854 3615 941 3673 eum,
981 3614 1077 3680 quem
1092 3611 1293 3657 rnuouotc
1306 3611 1420 3670 orvs,
1440 3592 1478 3655 in
1519 3592 1695 3674 zantinttm,
1709 3594 1888 3658 Maximam
1905 3612 2082 3681 martyrem,
2103 3596 2253 3664 Athana·

751 3688 929 3753 diuinorum
939 3681 1114 3767 dogmatum
1127 3682 1256 3763 epitome
1267 3676 1335 3761 (seu
1347 3674 1477 3741 haereti·
1512 3678 1594 3764 firm
1607 3699 1734 3764 quoque,
1760 3678 2005 3766 Chrpfsstomam,
2027 3681 2249 3767 Epiphaniam,

752 3794 860 3839 cartem
866 3768 1052 3854 fabularum
1065 3766 1118 3831 sih.
1134 3768 1185 3849 V.)
1207 3763 1396 3842 instituerat,
1422 3783 1476 3828 ot·
1520 3782 1623 3850 atque,
1639 3783 1677 3830 vt
1700 3765 1781 3830 ab'os
1801 3784 1932 3846 taceam,
1945 3770 2125 3854 scriptorem
2145 3770 2249 3853 issem,

686 3890 695 3895 ·
754 3860 863 3928 dinem
884 3874 1009 3933 tenere,
1049 3872 1081 3917 at
1096 3872 1166 3916 non
1179 3854 1258 3916 item
1273 3847 1475 3929 methodum,
1519 3854 1574 3937 qui
1590 3850 1727 3937 Dionysti
1748 3855 1946 3939 areopagitae
1965 3874 2075 3919 nomen
2096 3857 2252 3943 adsumfit.

754 3963 950 4015 macerano
974 3962 1021 4008 ru
1042 3959 1173 4025 Qtrru
1192 3936 1338 4003 obseruat
1352 3939 1386 4000 in
1401 3954 1475 4020 pro·
1519 3943 1641 4003 Horam
1654 3940 1792 4004 omnium
1807 3940 1889 4006 sotiis
1903 3939 1975 4006 hinc
1994 3943 2063 4006 inde
2077 3943 2251 4024 parentia.

754 4036 821 4121 logo
834 4036 868 4098 in
882 4027 1005 4096 huncce
1020 4027 1139 4093 librum
1153 4040 1228 4089 tom.
1242 4028 1266 4089 t.
1275 4042 1309 4107 p.
1325 4031 1378 4097 118.
1421 4022 1478 4086 ttte
1520 4025 1954 4112 ramfloribasfialuberrimae
1967 4028 2252 4116 doiirinaefitattis-

753 4123 847 4199 enim,
861 4118 977 4202 inquit,
996 4135 1035 4178 ex
1042 4113 1165 4198 proprii
1178 4113 1212 4174 in
1232 4112 1294 4174 enir'
1310 4110 1477 4188 molimine,
1511 4110 1594 4197 ſsma
1606 4111 1698 4177 melsa
1719 4116 1856 4197 conficit.
1923 4116 1979 4181 Sin
2001 4116 2123 4185 ularem
2137 4123 2253 4206 vtique

752 4205 1005 4286 adduiiissacrae
1013 4202 1148 4287 paginae
1160 4130 1348 4283 redimentis,
1368 4195 1479 4260 adaer-
1501 4196 1642 4267 'hancce
1669 4219 1918 4266 utmascrnt
1939 4136 2125 4269 industriam
2146 4228 2252 4275 nemo

744 4297 801 4378 sus
812 4292 978 4358 haereticos
991 4290 1081 4351 naria
1093 4303 1305 4369 componente
1341 4298 1478 4347 amento·
1520 4288 1763 4370 vituperauetit;
1799 4308 1859 4353 nec
1872 4288 1998 4367 abnuo,
2035 4293 2193 4358 contineri
2213 4296 2252 4361 in

755 4402 825 4444 ram
831 4396 947 4463 genera
958 4373 1216 4457 compendiariam
1237 4300 1346 4455 digeffi
1363 4366 1478 4433 theoso-
1522 4368 1621 4437 hocce
1641 4392 1747 4457 opere,
1783 4393 1866 4459 quae
1891 4377 2025 4441 minime
2043 4375 2114 4444 sunt
2135 4399 2253 4451 conte-

749 4467 823 4553 gine
834 4463 1051 4526 oratiotionem
1057 4483 1069 4538 ,·
1090 4456 1188 4543 noster
1199 4476 1268 4522 rero
1282 4476 1345 4520 non
1357 4475 1395 4518 ex
1400 4455 1477 4535 scri·
1521 4454 1679 4531 mnendae
1715 4462 1920 4543 quamuis&
1940 4484 2130 4545 occurrant,
2166 4490 2254 4555 quae

750 4569 848 4637 ptura
858 4547 970 4630 solam,
989 4567 1094 4611 oerum
1118 4546 1213 4609 etiarn
1231 4564 1269 4607 ex
1288 4541 1477 4627 conglobatis
1520 4545 1672 4610 omnibus
1692 4544 1815 4630 placere
1834 4568 2013 4633 nequeant,
2049 4554 2249 4638 praesertim,

744 4641 925 4725 sannorum
932 4648 1061 4721 patrem
1066 4631 1247 4716 sententiis,
1287 4646 1399 4721 taqua
1412 4644 1478 4716 par
1519 4626 1609 4721 quod
1630 4628 1686 4700 suo
1707 4634 1855 4724 exemplo
1873 4634 1970 4719 alios,
2006 4636 2253 4713 vindomina

2162 4728 2251 4800 sacra
