5259 5967
727 688 792 759 ,ιθ
1029 674 1171 745 trum
1205 673 1417 744 turonis
1446 672 1621 743 citur
1651 672 1912 761 ovnrrvu

730 778 1130 803 ....-—----——-
1187 780 1544 795 -—-———-—
1563 774 2252 803 Μ

731 826 803 910 quis
817 835 883 885 arte
898 810 1038 900 quadam
1051 831 1107 880 aut
1122 814 1251 881 scientia
1269 818 1414 881 imbutus
1427 813 1469 881 ad
1513 813 1684 881 ruditionis
1702 816 1845 900 partibus
1866 812 2170 913 locumuinuenire,
2195 810 2252 883 libi

701 924 704 929 '
733 898 1029 999 philosophandum
1041 899 1181 981 accedat,
1197 906 1349 969 notiones
1358 906 1470 968 animo
1513 899 1719 989 persuadent,
1735 904 1770 966 in
1781 922 1863 967 vana
1872 917 1967 998 arque
1980 920 2090 965 inarua
2105 898 2253 1004 incidant

731 992 840 1063 semel·
848 987 1011 1075 impressas
1036 985 1197 1074 deponere
1213 1008 1372 1075 nequeam
1390 1010 1468 1075 quas
1512 1008 1708 1069 commenta,
1723 1005 1778 1053 aur
1794 1008 1933 1059 ommno
1948 1007 1985 1055 tn
2001 1006 2123 1085 errores
2132 992 2252 1073 grauis-

732 1080 756 1149 li
771 1079 921 1163 deinceps
930 1072 971 1141 ad
979 1096 1025 1141 res
1037 1076 1125 1156 alias,
1141 1078 1255 1162 quibus
1271 1097 1469 1143 nonconue·
1512 1073 1608 1143 simos
1623 1078 1807 1227 qraecipites
1819 1091 1924 1147 ruant.
1968 1074 2061 1152 Scio,
2075 1074 2252 1173 quemdam

733 1172 848 1246 niunr,
865 1160 1051 1243 transferat,
1067 1184 1138 1230 non
1152 1158 1255 1250 potest
1276 1184 1347 1229 non
1360 1162 1468 1229 multi·
1513 1166 1623 1231 errarit
1647 1165 1771 1237 metica,
1789 1164 1891 1229 alium
1906 1180 1943 1226 ex
1957 1154 2252 1264 llathmrcacuncta

733 1257 806 1344 plex
821 1249 897 1319 inde
910 1253 989 1316 oriri
1004 1270 1150 1316 errorum
1165 1247 1301 1317 occafio.
1367 1246 1468 1316 Must-
1512 1249 1656 1317 deriuare
1670 1246 1819 1328 voluisse,
1836 1269 1877 1313 eo
1892 1265 2028 1326 euentu,
2047 1266 2083 1315 vr
2098 1271 2252 1323 omniurn

731 1364 810 1411 cum
824 1335 1009 1426 quemdam,
1025 1335 1119 1404 refert
1131 1359 1235 1403 rvts
1245 1359 1319 1417 ivs,
1338 1332 1470 1403 eumad
1512 1334 1654 1405 ludibrio
1668 1336 1699 1403 se
1714 1352 1922 1421 exponerent.
1978 1334 2112 1434 liabent
2129 1338 2253 1424 quaeli-

733 1426 976 1519 philosophiam
984 1428 1130 1490 animum
1146 1422 1470 1504 adiunxrffct,cuntta
1511 1426 1652 1492 betarres
1668 1426 1701 1491 &
1716 1422 1863 1493 scientiae
1871 1422 1925 1493 sua
1932 1423 2070 1503 obiecta,
2086 1446 2253 1511 quaecum

735 1538 774 1588 ex
789 1514 959 1582 harmonia
973 1508 1128 1578 deducere
1143 1510 1295 1588 voluisse3
1319 1511 1469 1579 memini·
1513 1513 1583 1579 aliis
1599 1532 1667 1583 non
1683 1510 1753 1575 sunt
1769 1506 2016 1589 confundenda,
2039 1508 2115 1577 hinc
2139 1514 2175 1581 &
2190 1536 2253 1582 no·

759 1625 799 1671 ue
813 1596 998 1687 quemdam,
1012 1594 1116 1663 eidem
1129 1601 1189 1663 arri
1205 1596 1390 1677 addicium,
1406 1618 1469 1667 no·
1508 1600 1652 1667 tionibus
1667 1619 1702 1663 ac
1724 1594 1803 1669 ideis
1819 1642 1830 1678 ,
1852 1600 1890 1662 iis
1911 1600 2071 1683 propriis,
2097 1598 2252 1671 adcurate

734 1626 797 1757 dra
817 1684 962 1754 exstitisse
983 1699 1110 1765 aetate,
1157 1688 1189 1750 ui
1210 1682 1324 1753 eadem
1344 1687 1471 1753 ratione
1513 1682 1758 1755 inhaerendum.
1802 1684 1923 1753 Lucem
1936 1682 2112 1770 quamdam
2128 1684 2181 1755 hic
2194 1686 2252 1761 da·

737 1769 970 1845 controuersias
993 1774 1076 1839 inter
1089 1706 1217 1842 nodrae
1233 1770 1471 1841 &reformatae
1514 1774 1607 1852 bunr,
1619 1792 1704 1858 quae
1718 1774 1834 1837 monui
1849 1774 1884 1839 in
1896 1769 2026 1856 tbefibus
2036 1772 2254 1860 philosophicis

615 1932 622 1943 ,
736 1860 881 1932 ecclesiae
889 1855 1033 1925 addictos
1047 1880 1243 1944 componere
1261 1860 1376 1927 voluit.
1397 1860 1471 1925 Ma·
1512 1862 1722 1925 denotionum
1733 1858 1899 1923 moralium
1913 1880 1951 1923 ac
1966 1860 2103 1927 ciuilium
2117 1865 2253 1930 adalia

736 1949 917 2018 thematicis
932 1945 1023 2033 saepe
1042 1946 1106 2013 hoc
1121 1949 1299 2033 contingit,
1312 1964 1366 2029 vt,
1382 1943 1471 2025 dum,
1513 1945 1689 2030 disciplinas
1708 1946 1914 2011 translatione
1936 1963 2024 2010 caure
2050 1948 2254 2045 instituenda,

738 2039 773 2106 &
789 2031 1473 2115 methodummathemaricam,denotionis,
1516 2037 1552 2100 in
1550 2037 1748 2123 syntagmate
1755 2033 1819 2131 diff
1830 2032 1921 2099 theol.
1925 2052 1960 2123 p.
1966 2036 2113 2133 μήτρῃ.

738 2122 980 2195 ltuicscientiae
995 2123 1151 2207 proprias,
1166 2121 1473 2215 inaliisquoquee·
2133 2134 2138 2143 '

846 2266 875 2338 §.
903 2248 1021 2325 XXV.
1040 2248 1103 2325 Ad
1116 2247 1267 2353 singulas
1280 2248 1534 2355 philosophiae
1554 2274 1674 2355 partes
1697 2250 1722 2329 st
1742 2252 2022 2351 descendnmuS,
2035 2259 2200 2360 primum
2214 2262 2258 2351 se

740 2350 850 2429 nobis
865 2344 977 2425 offert
988 2344 1262 2444 instrumentalis
1271 2402 1288 2451 ².
1296 2348 1413 2453 inque
1428 2374 1468 2431 ea
1481 2348 1591 2449 logica
1608 2351 1794 2455 speciatim
1809 2352 1856 2431 sic
1869 2354 1968 2433 dida
2023 2358 2128 2441 llaec
2140 2386 2257 2459 vero,

740 2474 826 2529 cum
842 2446 888 2523 ad
899 2446 1090 2523 veritatem
1105 2446 1370 2523 inueniendam
1385 2446 1478 2523 vium
1491 2450 1650 2551 pandat,
1668 2476 1823 2553 canique
1846 2455 1888 2529 ab
1909 2455 2096 2535 erroribus
2117 2458 2256 2547 dilcer-

739 2572 830 2625 nere
844 2544 996 2627 doceam
1011 2545 1094 2646 quis
1107 2544 1407 2638 dubiter,theolo
1435 2545 1486 2622 'ae
1504 2548 1638 2631 cultori
1653 2574 1732 2629 eam
1745 2548 2096 2646 elsenecelsariun,fi
2125 2558 2255 2645 uidem

738 2644 853 2746 longe
868 2643 1017 2719 maioris
1030 2646 1215 2721 momenti
1228 2644 1291 2737 est,
1305 2644 1347 2721 ili
1365 2669 1405 2719 re
1433 2670 1493 2737 us,
1507 2644 1552 2725 ad
1569 2645 1717 2731 sulutem
1735 2670 1922 2733 aeternam
1943 2651 2117 2757 spectanti
2144 2684 2207 2751 us,
2235 2686 2256 2739 a

739 2742 842 2821 tedio
856 2766 938 2818 non
953 2742 1117 2819 aberrare
1129 2742 1288 2839 tramite,
1333 2767 1416 2818 uam
1429 2742 1470 2817 in
1487 2744 1639 2851 reliquis
1658 2748 1841 2825 omnibus.
1890 2752 2028 2856 Qud,
2041 2776 2082 2831 vt
2100 2780 2257 2859 genera.

737 2845 808 2919 tim
824 2840 872 2916 de
885 2838 1003 2941 logica
1010 2839 1122 2941 longe
1136 2840 1189 2915 est
1202 2840 1292 2916 cert'
1322 2866 1450 2934 rmum,
1465 2841 1514 2918 itu
1527 2840 1716 2949 speciatim
1727 2846 1770 2921 in
1788 2850 2041 2931 ¹recentiorum
2058 2879 2256 2935 commen·

739 2938 941 3016 rationibus
955 2936 1084 3037 logicis
1099 2939 1280 3021 noninula
1303 2963 1526 3035 occurrunt,
1548 2968 1641 3045 quae
1665 2944 1764 3021 haud
1777 2946 2038 3123 Iperfurrdlorie
2058 2954 2258 3059 {perspedla

738 3038 886 3129 habere,
900 3035 1220 3129 illoruminteresl,
1235 3037 1301 3143 qui
1308 3038 1353 3119 ad
1360 3038 1585 3141 theologiam
1597 3040 1774 3119 cunctare

827 3153 842 3187 t
864 3150 945 3218 Rem
960 3147 1024 3217 fere
1039 3148 1308 3235 superuacanearn
1322 3152 1473 3235 facerem,
1515 3152 1550 3224 id
1562 3152 1693 3242 quidem
1707 3157 1793 3245 apud
1804 3183 1918 3229 omnes
1939 3164 2012 3231 sana
2033 3187 2143 3237 mente
2161 3192 2255 3258 prae„

741 3236 901 3323 filogicae
915 3240 950 3302 in
964 3234 1128 3323 theologia
1143 3256 1287 3303 nontam
1299 3240 1473 3307 utilitatem
1517 3242 1602 3311 ditos
1618 3242 1757 3329 positum
1773 3244 1817 3315 est
1830 3268 1917 3317 extra
1929 3255 2193 3330 controuersiam·
2217 3264 2258 3341 1¹1

739 3322 914 3409 ὤμω,
930 3343 1028 3409 quam
1039 3318 1263 3405 mffimem,
1277 3322 1473 3401 demonſtra.
1517 3353 1557 3400 eo
1572 3348 1680 3397 autem
1694 3353 1792 3418 quam
1812 3337 1944 3423 plurimi
1957 3359 2082 3423 errant,
2098 3346 2190 3430 quod
2203 3348 2257 3415 lo·

739 3432 774 3479 re
785 3408 913 3476 vellem.
935 3410 1044 3477 Nemo
1059 3413 1158 3491 enim,
1174 3410 1234 3479 nili
1248 3418 1472 3487 retumomni·
1540 3422 1622 3484 'Um
1638 3418 1767 3497 sth⁰¹³⁶
1789 3442 1927 3506 tantum,
1943 3448 2014 3497 '¹⁰¹¹
2027 3448 2136 3499 autem
2155 3440 2255 3521 Μ’

741 3518 799 3567 um
816 3498 999 3583 imperitus,
1021 3492 1060 3565 de
1073 3494 1268 3579 ealdubitare
1283 3497 1397 3587 potest.
1440 3504 1473 3569 si
1515 3504 1677 3588 inseruire,
1687 3509 1998 3592 velintelcumtamen
2010 3517 2136 3587 invitae
2145 3528 2257 3610 quoti-

741 3606 820 3653 nam
844 3605 884 3652 ue
897 3585 1002 3671 logica
1011 3606 1063 3651 ars
1076 3584 1145 3666 est,
1160 3584 1371 3673 inuestigandi
1386 3592 1476 3655 inue-
1518 3590 1632 3669 dianae
1668 3601 1870 3665 Cfflfflefdss
1899 3620 1968 3666 ⁰⁰¹¹
1997 3605 2129 3686 mifflsst
2152 3632 2257 3698 (imm

744 3675 821 3739 nien
846 3674 917 3758 'que
932 3674 1121 3749 veritatem,
1143 3674 1212 3759 quis
1226 3692 1333 3759 putet,
1351 3673 1476 3752 theolo-
1519 3683 1554 3747 in
1564 3679 1617 3745 dis
1634 3685 1848 3766 urationibus',
1866 3687 1999 3772 aliisque
2017 3698 2259 3769 exercitationi-

741 3779 821 3848 gum
835 3780 872 3826 ca
888 3778 993 3825 came
1005 3758 1113 3847 posse,
1127 3762 1184 3845 qui
1199 3778 1286 3826 totus
1310 3761 1475 3845 merocli,
1518 3769 1578 3833 bus
1611 3766 1807 3853 sholasticis,
1829 3792 1902 3855 aut,
1922 3796 2002 3863 quae
2027 3781 2158 3851 erudiris
2178 3809 2257 3874 pro-

742 3863 780 3915 vt
800 3865 914 3913 vesum
930 3842 1039 3913 afalso
1057 3844 1229 3913 discernat?
1252 3848 1283 3913 Si
1294 3852 1476 3925 rarionevti
1519 3856 1607 3941 priac
1619 3854 1712 3938 sunt,
1727 3858 1874 3936 homines
1893 3866 2018 3941 ratione
2037 3867 2093 3935 lira
2110 3874 2199 3943 reste
2209 3882 2257 3945 vri

743 3932 829 4003 rege
844 3931 950 4013 docet,
966 3934 1055 4019 quis,
1079 3932 1213 4019 quaeso,
1231 3938 1354 4002 cautius
1369 3938 1403 4012 &
1416 3940 1476 4015 cir·
1517 3939 1666 4007 debeant.
1687 3944 2048 4037 Hincsaepeconringir,
2064 3975 2100 4023 vt
2115 3963 2178 4027 viri
2186 3986 2259 4032 eru·

743 4019 956 4106 cumspeslius
968 4022 1094 4087 ratione
1107 4016 1264 4102 mideber,
1281 4021 1477 4109 quamtheo-
1519 4022 1681 4111 ditiffimis
1698 4034 1753 4115 qui
1766 4035 1802 4099 5¹¹
1816 4034 1923 4103 s⁰h⁰l³
1939 4044 2117 4116 maximum
2132 4052 2258 4139 ingenii

743 4108 858 4195 logus?
880 4110 912 4173 Si
926 4106 1105 4179 intellectus
1118 4106 1369 4191 vitiismedetur,
1381 4134 1478 4197 quem
1518 4135 1658 4195 ¹acumen
1667 4117 1851 4200 ostendunt,
1867 4122 1999 4191 eumad
2012 4126 2260 4210 huiusvitaene-

744 4194 785 4261 dc
798 4194 962 4261 intelledlu
972 4194 1045 4277 suo,
1061 4215 1102 4260 ne
1117 4196 1152 4259 in
1173 4198 1304 4275 maximi
1319 4202 1477 4265 momenti
1521 4205 1608 4289 gotia
1624 4204 1790 4288 accedunt,
1803 4207 1887 4275 adeo
1900 4215 2092 4285 rarionesua
2107 4226 2260 4297 utinesci·

746 4282 839 4346 rebus
854 4278 926 4345 dcci
950 4284 1045 4362 iarur,
1061 4279 1282 4364 emendando,
1299 4288 1403 4372 magis
1416 4286 1478 4353 sol·
1523 4307 1598 4370 ant,
1613 4310 1648 4358 vt
1669 4298 1761 4359 omni
1782 4294 1945 4364 interdum
1963 4303 2190 4381 viintelledlus
2204 4312 2258 4385 de·

745 4367 898 4432 licitume
925 4366 1057 4449 ederet
1074 4390 1172 4453 ‘lu'lm
1185 4368 1478 4459 ¹h0⁰¹⁰8ul²¹³=3⁶d⁹
1523 4372 1795 4448 ffiffli'id‘ffi‘u‘·
1840 4382 2260 4473 sedm⁶⁶⁶‘⁸'”‘⁰⁴''ffi'

746 4450 837 4539 quod
849 4455 884 4517 in
897 4450 1058 4539 theologia
1072 4477 1170 4542 aeque
1182 4478 1219 4522 ac
1230 4459 1359 4544 ¹reliquis
1372 4458 1480 4536 erudi·
1524 4458 1639 4531 lloriae
1673 4468 1790 4553 logices
1826 4471 2002 4540 inseruiunt
2035 4501 2121 4551 rur.
2148 4510 2260 4563 nutri

749 4535 1209 4627 tionisdjuinaehumanaeque
1223 4547 1366 4629 partibus
1380 4568 1480 4614 nemo
1514 4550 1639 4635 scholae
1651 4554 1839 4640 dialrllicae,
1854 4562 2035 4644 praesertim
2050 4591 2088 4636 ex
2103 4573 2197 4645 libris
2207 4572 2262 4647 ui·

746 4622 1105 4715 fiuelogjcaepracfidio
1118 4631 1178 4701 rite
1200 4628 1353 4720 proficere
1372 4653 1482 4723 queat,
1511 4638 2082 4743 'flginrr'primustsaerisonascu
2097 4648 2261 4755 anuin-

2211 4778 2261 4845 sil

1793 3070 1910 3136 erunt„
1941 3054 1956 3089 l
