<?xml version="1.0" encoding="UTF-8"?>
<!DOCTYPE html PUBLIC "-//W3C//DTD XHTML 1.0 Transitional//EN"
    "http://www.w3.org/TR/xhtml1/DTD/xhtml1-transitional.dtd">
<html xmlns="http://www.w3.org/1999/xhtml" xml:lang="en" lang="en">
 <head>
  <title>
</title>
<meta http-equiv="Content-Type" content="text/html;charset=utf-8" />
  <meta name='ocr-system' content='tesseract 3.04.00' />
  <meta name='ocr-capabilities' content='ocr_page ocr_carea ocr_par ocr_line ocrx_word'/>
</head>
<body>
  <div class='ocr_page' id='page_1' title='image "./iofranciscibvdd00buddgoog_0124.png"; bbox 0 0 5259 5967; ppageno 0'>
   <div class='ocr_carea' id='block_1_1' title="bbox 1201 506 1210 537">
    <p class='ocr_par' dir='ltr' id='par_1_1' title="bbox 1201 506 1210 537">
     <span class='ocr_line' id='line_1_1' title="bbox 1201 506 1210 537; baseline 0 0"><span class='ocrx_word' id='word_1_1' title='bbox 1201 506 1210 537; x_wconf 68' lang='lat' dir='ltr'>l</span> 
     </span>
    </p>
   </div>
   <div class='ocr_carea' id='block_1_2' title="bbox 405 668 2040 817">
    <p class='ocr_par' dir='ltr' id='par_1_2' title="bbox 405 668 2040 817">
     <span class='ocr_line' id='line_1_2' title="bbox 405 668 2040 817; baseline -0.002 -48"><span class='ocrx_word' id='word_1_2' title='bbox 405 668 439 719; x_wconf 90' lang='grc'>·’</span> <span class='ocrx_word' id='word_1_3' title='bbox 517 712 584 769; x_wconf 74' lang='grc' dir='ltr'>ιω</span> <span class='ocrx_word' id='word_1_4' title='bbox 862 700 999 775; x_wconf 79' lang='lat' dir='ltr'>atriu</span> <span class='ocrx_word' id='word_1_5' title='bbox 1021 700 1230 774; x_wconf 72' lang='lat' dir='ltr'>aaronis</span> <span class='ocrx_word' id='word_1_6' title='bbox 1252 694 2040 817; x_wconf 34' lang='lat' dir='ltr'>cinerariorum-*u-</span> 
     </span>
    </p>
   </div>
   <div class='ocr_carea' id='block_1_3' title="bbox 481 794 2048 4667">
    <p class='ocr_par' dir='ltr' id='par_1_3' title="bbox 521 794 1713 823">
     <span class='ocr_line' id='line_1_3' title="bbox 521 794 1713 823; baseline -0.007 -5"><span class='ocrx_word' id='word_1_7' title='bbox 521 794 1713 823; x_wconf 51' lang='lat' dir='ltr'>’‘m—*ww</span> 
     </span>
    </p>

    <p class='ocr_par' dir='ltr' id='par_1_4' title="bbox 481 822 2048 4667">
     <span class='ocr_line' id='line_1_4' title="bbox 512 822 2042 923; baseline 0.001 -26"><span class='ocrx_word' id='word_1_8' title='bbox 512 822 637 912; x_wconf 77' lang='lat' dir='ltr'>lebant,</span> <span class='ocrx_word' id='word_1_9' title='bbox 650 850 687 896; x_wconf 88' lang='lat' dir='ltr'>vt</span> <span class='ocrx_word' id='word_1_10' title='bbox 700 854 753 898; x_wconf 87' lang='lat' dir='ltr'>to.</span> <span class='ocrx_word' id='word_1_11' title='bbox 770 854 817 900; x_wconf 77' lang='lat' dir='ltr'>ca</span> <span class='ocrx_word' id='word_1_12' title='bbox 829 832 897 919; x_wconf 70' lang='lat' dir='ltr'>sa,</span> <span class='ocrx_word' id='word_1_13' title='bbox 928 858 1046 906; x_wconf 78' lang='lat' dir='ltr'>rura.</span> <span class='ocrx_word' id='word_1_14' title='bbox 1082 858 1253 916; x_wconf 75' lang='lat' dir='ltr'>uruuvs,</span> <span class='ocrx_word' id='word_1_15' title='bbox 1281 834 1359 918; x_wconf 58' lang='lat' dir='ltr'>&#39;dia</span> <span class='ocrx_word' id='word_1_16' title='bbox 1373 842 1417 901; x_wconf 81' lang='lat' dir='ltr'>oti</span> <span class='ocrx_word' id='word_1_17' title='bbox 1437 838 1524 919; x_wconf 81' lang='lat' dir='ltr'>dixi,</span> <span class='ocrx_word' id='word_1_18' title='bbox 1539 840 1723 922; x_wconf 77' lang='lat' dir='ltr'>praecipuae</span> <span class='ocrx_word' id='word_1_19' title='bbox 1751 840 1894 920; x_wconf 79' lang='lat' dir='ltr'><em>Europae</em></span> <span class='ocrx_word' id='word_1_20' title='bbox 1911 851 2042 923; x_wconf 71' lang='lat' dir='ltr'>gunter,</span> 
     </span>
     <span class='ocr_line' id='line_1_5' title="bbox 518 918 2045 1010; baseline 0.003 -27"><span class='ocrx_word' id='word_1_21' title='bbox 518 938 568 983; x_wconf 82' lang='lat' dir='ltr'>co</span> <span class='ocrx_word' id='word_1_22' title='bbox 579 940 596 983; x_wconf 77' lang='lat' dir='ltr'>u</span> <span class='ocrx_word' id='word_1_23' title='bbox 606 938 697 983; x_wconf 74' lang='lat' dir='ltr'>urus</span> <span class='ocrx_word' id='word_1_24' title='bbox 715 940 793 986; x_wconf 77' lang='lat' dir='ltr'>cnr,</span> <span class='ocrx_word' id='word_1_25' title='bbox 803 943 933 990; x_wconf 74' lang='lat' dir='ltr'>cauni</span> <span class='ocrx_word' id='word_1_26' title='bbox 943 948 1036 1009; x_wconf 77' lang='lat' dir='ltr'>uus,</span> <span class='ocrx_word' id='word_1_27' title='bbox 1047 923 1188 1010; x_wconf 82' lang='lat' dir='ltr'>aliique;</span> <span class='ocrx_word' id='word_1_28' title='bbox 1204 918 1256 988; x_wconf 89' lang='lat' dir='ltr'>sed</span> <span class='ocrx_word' id='word_1_29' title='bbox 1298 923 1438 1007; x_wconf 77' lang='lat' dir='ltr'>tlumfioa</span> <span class='ocrx_word' id='word_1_30' title='bbox 1449 929 1565 1008; x_wconf 78' lang='lat' dir='ltr'>patriis</span> <span class='ocrx_word' id='word_1_31' title='bbox 1582 924 1795 987; x_wconf 79' lang='lat' dir='ltr'>commendant</span> <span class='ocrx_word' id='word_1_32' title='bbox 1807 923 1930 1002; x_wconf 79' lang='lat' dir='ltr'>litteris,</span> <span class='ocrx_word' id='word_1_33' title='bbox 1951 920 2045 989; x_wconf 76' lang='lat' dir='ltr'>haud</span> 
     </span>
     <span class='ocr_line' id='line_1_6' title="bbox 519 1004 2042 1098; baseline 0.005 -31"><span class='ocrx_word' id='word_1_34' title='bbox 519 1005 686 1091; x_wconf 83' lang='lat' dir='ltr'>pauciores</span> <span class='ocrx_word' id='word_1_35' title='bbox 702 1006 759 1085; x_wconf 89' lang='lat' dir='ltr'>illi,</span> <span class='ocrx_word' id='word_1_36' title='bbox 774 1004 797 1071; x_wconf 86' lang='lat' dir='ltr'>sr</span> <span class='ocrx_word' id='word_1_37' title='bbox 812 1030 885 1074; x_wconf 87' lang='lat' dir='ltr'>cum</span> <span class='ocrx_word' id='word_1_38' title='bbox 901 1013 938 1076; x_wconf 91' lang='lat' dir='ltr'>iis</span> <span class='ocrx_word' id='word_1_39' title='bbox 953 1022 1190 1098; x_wconf 80' lang='lat' dir='ltr'>comparentur,</span> <span class='ocrx_word' id='word_1_40' title='bbox 1199 1011 1256 1095; x_wconf 90' lang='lat' dir='ltr'>qui</span> <span class='ocrx_word' id='word_1_41' title='bbox 1278 1028 1282 1038; x_wconf 88' lang='lat'><strong>·</strong></span> <span class='ocrx_word' id='word_1_42' title='bbox 1299 1012 1559 1098; x_wconf 70' lang='lat' dir='ltr'>rffi’necifftrtirm,</span> <span class='ocrx_word' id='word_1_43' title='bbox 1573 1010 2042 1098; x_wconf 74' lang='lat' dir='ltr'>Lerinalinguarri,adfirmaent.</span> 
     </span>
     <span class='ocr_line' id='line_1_7' title="bbox 519 1092 2045 1185; baseline 0.009 -31"><span class='ocrx_word' id='word_1_44' title='bbox 519 1107 577 1155; x_wconf 84' lang='lat' dir='ltr'>aut</span> <span class='ocrx_word' id='word_1_45' title='bbox 585 1110 646 1175; x_wconf 92' lang='lat' dir='ltr'>pro</span> <span class='ocrx_word' id='word_1_46' title='bbox 655 1092 828 1174; x_wconf 82' lang='lat' dir='ltr'>italica,aut</span> <span class='ocrx_word' id='word_1_47' title='bbox 840 1097 1052 1185; x_wconf 85' lang='lat' dir='ltr'>latinalingua</span> <span class='ocrx_word' id='word_1_48' title='bbox 1083 1100 1257 1185; x_wconf 82' lang='lat' dir='ltr'>ugnabaut.</span> <span class='ocrx_word' id='word_1_49' title='bbox 1300 1103 1443 1185; x_wconf 76' lang='lat' dir='ltr'>Quarum</span> <span class='ocrx_word' id='word_1_50' title='bbox 1462 1098 1597 1184; x_wconf 79' lang='lat' dir='ltr'>exemplo</span> <span class='ocrx_word' id='word_1_51' title='bbox 1622 1102 1845 1162; x_wconf 70' lang='lat' dir='ltr'>firmanorum</span> <span class='ocrx_word' id='word_1_52' title='bbox 1853 1096 1986 1181; x_wconf 79' lang='lat' dir='ltr'>pim‘mi</span> <span class='ocrx_word' id='word_1_53' title='bbox 2003 1096 2045 1167; x_wconf 58' lang='grc' dir='ltr'>ἐν’</span> 
     </span>
     <span class='ocr_line' id='line_1_8' title="bbox 521 1121 2045 1270; baseline 0.004 -29"><span class='ocrx_word' id='word_1_54' title='bbox 521 1176 664 1243; x_wconf 77' lang='lat' dir='ltr'><strong>Italicam</strong></span> <span class='ocrx_word' id='word_1_55' title='bbox 686 1200 851 1265; x_wconf 87' lang='lat' dir='ltr'>namque,</span> <span class='ocrx_word' id='word_1_56' title='bbox 884 1183 1048 1270; x_wconf 85' lang='lat' dir='ltr'>speciatim</span> <span class='ocrx_word' id='word_1_57' title='bbox 1059 1121 1257 1263; x_wconf 67' lang='lat' dir='ltr'>betruscam,</span> <span class='ocrx_word' id='word_1_58' title='bbox 1301 1206 1370 1250; x_wconf 74' lang='lat' dir='ltr'>eam</span> <span class='ocrx_word' id='word_1_59' title='bbox 1388 1204 1483 1269; x_wconf 84' lang='lat' dir='ltr'><em>prope</em></span> <span class='ocrx_word' id='word_1_60' title='bbox 1492 1186 1680 1269; x_wconf 78' lang='lat' dir='ltr'><em>sententiam</em></span> <span class='ocrx_word' id='word_1_61' title='bbox 1706 1184 1902 1265; x_wconf 77' lang='lat' dir='ltr'>inciderunt,</span> <span class='ocrx_word' id='word_1_62' title='bbox 1918 1198 2045 1269; x_wconf 56' lang='lat' dir='ltr'>urgeos</span> 
     </span>
     <span class='ocr_line' id='line_1_9' title="bbox 521 1262 2043 1358; baseline 0.003 -29"><span class='ocrx_word' id='word_1_63' title='bbox 521 1282 603 1347; x_wconf 89' lang='lat' dir='ltr'>quae</span> <span class='ocrx_word' id='word_1_64' title='bbox 620 1262 691 1350; x_wconf 82' lang='lat' dir='ltr'>post</span> <span class='ocrx_word' id='word_1_65' title='bbox 706 1265 767 1331; x_wconf 86' lang='lat' dir='ltr'>sata</span> <span class='ocrx_word' id='word_1_66' title='bbox 782 1290 975 1337; x_wconf 71' lang='lat' dir='ltr'>nurnine</span> <span class='ocrx_word' id='word_1_67' title='bbox 987 1294 1039 1338; x_wconf 78' lang='lat' dir='ltr'>ua</span> <span class='ocrx_word' id='word_1_68' title='bbox 1050 1294 1079 1351; x_wconf 79' lang='lat' dir='ltr'>u,</span> <span class='ocrx_word' id='word_1_69' title='bbox 1094 1290 1254 1349; x_wconf 73' lang='lat' dir='ltr'>DANTls,</span> <span class='ocrx_word' id='word_1_70' title='bbox 1297 1275 1419 1338; x_wconf 70' lang='lat' dir='ltr'>monice</span> <span class='ocrx_word' id='word_1_71' title='bbox 1429 1274 1578 1356; x_wconf 78' lang='lat' dir='ltr'>scribere,</span> <span class='ocrx_word' id='word_1_72' title='bbox 1587 1271 1754 1358; x_wconf 82' lang='lat' dir='ltr'>gloriosum</span> <span class='ocrx_word' id='word_1_73' title='bbox 1773 1287 1903 1355; x_wconf 81' lang='lat' dir='ltr'>putent,</span> <span class='ocrx_word' id='word_1_74' title='bbox 1919 1289 2043 1355; x_wconf 76' lang='lat' dir='ltr'>eosque,</span> 
     </span>
     <span class='ocr_line' id='line_1_10' title="bbox 523 1352 2044 1445; baseline 0.003 -29"><span class='ocrx_word' id='word_1_75' title='bbox 523 1352 558 1416; x_wconf 90' lang='lat'>&amp;</span> <span class='ocrx_word' id='word_1_76' title='bbox 574 1372 799 1435; x_wconf 75' lang='lat' dir='ltr'>uoccnrtr,</span> <span class='ocrx_word' id='word_1_77' title='bbox 822 1357 924 1442; x_wconf 83' lang='lat' dir='ltr'>spreta</span> <span class='ocrx_word' id='word_1_78' title='bbox 948 1356 1195 1443; x_wconf 85' lang='lat' dir='ltr'>quodammodo</span> <span class='ocrx_word' id='word_1_79' title='bbox 1220 1358 1256 1424; x_wconf 89' lang='lat'><strong>&amp;</strong></span> <span class='ocrx_word' id='word_1_80' title='bbox 1299 1362 1354 1445; x_wconf 83' lang='lat' dir='ltr'>qui</span> <span class='ocrx_word' id='word_1_81' title='bbox 1367 1360 1464 1423; x_wconf 74' lang='lat' dir='ltr'>larino</span> <span class='ocrx_word' id='word_1_82' title='bbox 1485 1360 1623 1441; x_wconf 78' lang='lat' dir='ltr'>semom&#39;</span> <span class='ocrx_word' id='word_1_83' title='bbox 1642 1359 1788 1422; x_wconf 83' lang='lat' dir='ltr'>nuntium</span> <span class='ocrx_word' id='word_1_84' title='bbox 1805 1354 2044 1443; x_wconf 60' lang='lat' dir='ltr'>mirripoffitne·</span> 
     </span>
     <span class='ocr_line' id='line_1_11' title="bbox 522 1434 2043 1595; baseline 0.003 -93"><span class='ocrx_word' id='word_1_85' title='bbox 522 1434 670 1504; x_wconf 73' lang='lat' dir='ltr'>derelicia</span> <span class='ocrx_word' id='word_1_86' title='bbox 684 1438 802 1520; x_wconf 82' lang='lat' dir='ltr'>literar,</span> <span class='ocrx_word' id='word_1_87' title='bbox 831 1465 980 1511; x_wconf 87' lang='lat' dir='ltr'>reuocare</span> <span class='ocrx_word' id='word_1_88' title='bbox 992 1449 1133 1527; x_wconf 89' lang='lat' dir='ltr'>iterum,</span> <span class='ocrx_word' id='word_1_89' title='bbox 1158 1446 1192 1511; x_wconf 76' lang='grc' dir='ltr'>ὃ(</span> <span class='ocrx_word' id='word_1_90' title='bbox 1216 1440 1257 1508; x_wconf 86' lang='lat' dir='ltr'>ad</span> <span class='ocrx_word' id='word_1_91' title='bbox 1293 1463 1385 1533; x_wconf 80' lang='lat' dir='ltr'>gant,</span> <span class='ocrx_word' id='word_1_92' title='bbox 1399 1448 1433 1509; x_wconf 85' lang='lat' dir='ltr'>in</span> <span class='ocrx_word' id='word_1_93' title='bbox 1445 1445 1578 1531; x_wconf 78' lang='lat' dir='ltr'>hostibus</span> <span class='ocrx_word' id='word_1_94' title='bbox 1595 1447 1740 1529; x_wconf 78' lang='lat' dir='ltr'>patriae,</span> <span class='ocrx_word' id='word_1_95' title='bbox 1761 1459 1820 1507; x_wconf 82' lang='lat' dir='ltr'>aut</span> <span class='ocrx_word' id='word_1_96' title='bbox 1840 1460 1921 1509; x_wconf 79' lang='lat' dir='ltr'>certe</span> <span class='ocrx_word' id='word_1_97' title='bbox 1939 1461 2043 1595; x_wconf 52' lang='lat' dir='ltr'>auia·</span> 
     </span>
     <span class='ocr_line' id='line_1_12' title="bbox 523 1522 2043 1617; baseline 0.005 -31"><span class='ocrx_word' id='word_1_98' title='bbox 523 1522 691 1611; x_wconf 84' lang='lat' dir='ltr'>pristinam</span> <span class='ocrx_word' id='word_1_99' title='bbox 708 1525 839 1596; x_wconf 89' lang='lat' dir='ltr'>eueherc</span> <span class='ocrx_word' id='word_1_100' title='bbox 854 1528 1055 1617; x_wconf 88' lang='lat' dir='ltr'>dignitatem,</span> <span class='ocrx_word' id='word_1_101' title='bbox 1065 1534 1175 1599; x_wconf 88' lang='lat' dir='ltr'>conati</span> <span class='ocrx_word' id='word_1_102' title='bbox 1183 1529 1258 1596; x_wconf 91' lang='lat' dir='ltr'>sunt</span> <span class='ocrx_word' id='word_1_103' title='bbox 1301 1554 1371 1598; x_wconf 80' lang='lat' dir='ltr'>rum</span> <span class='ocrx_word' id='word_1_104' title='bbox 1386 1534 1425 1603; x_wconf 68' lang='lat' dir='ltr'>cs</span> <span class='ocrx_word' id='word_1_105' title='bbox 1432 1532 1815 1597; x_wconf 71' lang='lat' dir='ltr'>,adulterinaeerudr&#39;u&#39;onis</span> <span class='ocrx_word' id='word_1_106' title='bbox 1828 1532 1974 1615; x_wconf 77' lang='lat' dir='ltr'>patronis</span> <span class='ocrx_word' id='word_1_107' title='bbox 2003 1550 2043 1594; x_wconf 76' lang='lat' dir='ltr'>a·</span> 
     </span>
     <span class='ocr_line' id='line_1_13' title="bbox 524 1616 2043 1707; baseline 0.005 -31"><span class='ocrx_word' id='word_1_108' title='bbox 524 1630 642 1677; x_wconf 72' lang='lat' dir='ltr'>ravi.</span> <span class='ocrx_word' id='word_1_109' title='bbox 670 1634 845 1697; x_wconf 75' lang='lat' dir='ltr'>uuutvs,</span> <span class='ocrx_word' id='word_1_110' title='bbox 868 1638 1015 1686; x_wconf 75' lang='lat' dir='ltr'>annuc.</span> <span class='ocrx_word' id='word_1_111' title='bbox 1045 1640 1257 1697; x_wconf 78' lang='lat' dir='ltr'>nuvuuvs,</span> <span class='ocrx_word' id='word_1_112' title='bbox 1301 1620 1623 1707; x_wconf 53' lang='lat' dir='ltr'>bendosqfitfliucunt.</span> <span class='ocrx_word' id='word_1_113' title='bbox 1667 1616 2043 1684; x_wconf 77' lang='lat' dir='ltr'>Reueveroetiammo-</span> 
     </span>
     <span class='ocr_line' id='line_1_14' title="bbox 526 1701 2044 1793; baseline 0.003 -30"><span class='ocrx_word' id='word_1_114' title='bbox 526 1716 747 1780; x_wconf 64' lang='lat' dir='ltr'>antonus,</span> <span class='ocrx_word' id='word_1_115' title='bbox 767 1723 921 1785; x_wconf 71' lang='lat' dir='ltr'>rossus,</span> <span class='ocrx_word' id='word_1_116' title='bbox 936 1706 1071 1793; x_wconf 78' lang='lat' dir='ltr'>aliique3</span> <span class='ocrx_word' id='word_1_117' title='bbox 1081 1727 1121 1772; x_wconf 92' lang='lat' dir='ltr'>ne</span> <span class='ocrx_word' id='word_1_118' title='bbox 1133 1701 1260 1791; x_wconf 83' lang='lat' dir='ltr'><strong>quidde</strong></span> <span class='ocrx_word' id='word_1_119' title='bbox 1302 1726 1368 1788; x_wconf 90' lang='lat' dir='ltr'>net,</span> <span class='ocrx_word' id='word_1_120' title='bbox 1386 1728 1452 1787; x_wconf 84' lang='lat' dir='ltr'>eos,</span> <span class='ocrx_word' id='word_1_121' title='bbox 1463 1710 1519 1793; x_wconf 90' lang='lat' dir='ltr'>qui</span> <span class='ocrx_word' id='word_1_122' title='bbox 1534 1704 1618 1771; x_wconf 88' lang='lat' dir='ltr'>hisce</span> <span class='ocrx_word' id='word_1_123' title='bbox 1631 1707 1801 1770; x_wconf 79' lang='lat' dir='ltr'>conatibus</span> <span class='ocrx_word' id='word_1_124' title='bbox 1810 1705 1839 1770; x_wconf 88' lang='lat' dir='ltr'>se</span> <span class='ocrx_word' id='word_1_125' title='bbox 1852 1719 2044 1791; x_wconf 91' lang='lat' dir='ltr'>opponunt,</span> 
     </span>
     <span class='ocr_line' id='line_1_15' title="bbox 527 1786 2043 1883; baseline 0.007 -35"><span class='ocrx_word' id='word_1_126' title='bbox 527 1802 642 1883; x_wconf 68' lang='lat' dir='ltr'>quse,</span> <span class='ocrx_word' id='word_1_127' title='bbox 659 1786 693 1851; x_wconf 82' lang='lat' dir='ltr'>dt</span> <span class='ocrx_word' id='word_1_128' title='bbox 709 1808 862 1870; x_wconf 75' lang='lat' dir='ltr'>nunno,</span> <span class='ocrx_word' id='word_1_129' title='bbox 877 1789 992 1875; x_wconf 87' lang='lat' dir='ltr'>dicam,</span> <span class='ocrx_word' id='word_1_130' title='bbox 1008 1796 1075 1880; x_wconf 93' lang='lat' dir='ltr'>qui,</span> <span class='ocrx_word' id='word_1_131' title='bbox 1091 1811 1260 1878; x_wconf 82' lang='lat' dir='ltr'>utramque</span> <span class='ocrx_word' id='word_1_132' title='bbox 1302 1792 1390 1862; x_wconf 91' lang='lat' dir='ltr'>haud</span> <span class='ocrx_word' id='word_1_133' title='bbox 1414 1816 1486 1861; x_wconf 85' lang='lat' dir='ltr'>raro</span> <span class='ocrx_word' id='word_1_134' title='bbox 1502 1797 1538 1860; x_wconf 91' lang='lat' dir='ltr'>in</span> <span class='ocrx_word' id='word_1_135' title='bbox 1566 1794 1702 1859; x_wconf 88' lang='lat' dir='ltr'>alterum</span> <span class='ocrx_word' id='word_1_136' title='bbox 1729 1812 1915 1877; x_wconf 83' lang='lat' dir='ltr'>procurrere</span> <span class='ocrx_word' id='word_1_137' title='bbox 1938 1807 2043 1859; x_wconf 83' lang='lat' dir='ltr'>extre·</span> 
     </span>
     <span class='ocr_line' id='line_1_16' title="bbox 525 1869 2041 1965; baseline 0.005 -30"><span class='ocrx_word' id='word_1_138' title='bbox 525 1869 690 1959; x_wconf 83' lang='lat' dir='ltr'>linguam,</span> <span class='ocrx_word' id='word_1_139' title='bbox 706 1893 741 1938; x_wconf 88' lang='lat' dir='ltr'>vt</span> <span class='ocrx_word' id='word_1_140' title='bbox 763 1895 856 1943; x_wconf 89' lang='lat' dir='ltr'>antea</span> <span class='ocrx_word' id='word_1_141' title='bbox 879 1876 1035 1961; x_wconf 84' lang='lat' dir='ltr'>diximus,</span> <span class='ocrx_word' id='word_1_142' title='bbox 1058 1882 1260 1965; x_wconf 85' lang='lat' dir='ltr'>coniungen-</span> <span class='ocrx_word' id='word_1_143' title='bbox 1303 1902 1415 1961; x_wconf 88' lang='lat' dir='ltr'>mum,</span> <span class='ocrx_word' id='word_1_144' title='bbox 1437 1898 1492 1947; x_wconf 87' lang='lat' dir='ltr'>aut</span> <span class='ocrx_word' id='word_1_145' title='bbox 1510 1878 1671 1947; x_wconf 87' lang='lat' dir='ltr'>eiusmodi</span> <span class='ocrx_word' id='word_1_146' title='bbox 1685 1898 1827 1965; x_wconf 88' lang='lat' dir='ltr'>pugnare</span> <span class='ocrx_word' id='word_1_147' title='bbox 1848 1880 2041 1957; x_wconf 83' lang='lat' dir='ltr'>rationibus,</span> 
     </span>
     <span class='ocr_line' id='line_1_17' title="bbox 526 1952 2044 2056; baseline 0.003 -33"><span class='ocrx_word' id='word_1_148' title='bbox 526 1952 614 2038; x_wconf 84' lang='lat' dir='ltr'>dam,</span> <span class='ocrx_word' id='word_1_149' title='bbox 630 1961 798 2045; x_wconf 84' lang='lat' dir='ltr'>putabant.</span> <span class='ocrx_word' id='word_1_150' title='bbox 841 1962 901 2031; x_wconf 90' lang='lat' dir='ltr'>Sed</span> <span class='ocrx_word' id='word_1_151' title='bbox 915 1964 1170 2033; x_wconf 82' lang='lat' dir='ltr'>hisceomnibus</span> <span class='ocrx_word' id='word_1_152' title='bbox 1191 1988 1260 2029; x_wconf 87' lang='lat' dir='ltr'>mn-</span> <span class='ocrx_word' id='word_1_153' title='bbox 1303 1991 1385 2056; x_wconf 91' lang='lat' dir='ltr'>quae</span> <span class='ocrx_word' id='word_1_154' title='bbox 1392 1968 1485 2034; x_wconf 91' lang='lat' dir='ltr'>risum</span> <span class='ocrx_word' id='word_1_155' title='bbox 1492 1970 1600 2053; x_wconf 88' lang='lat' dir='ltr'>potius</span> <span class='ocrx_word' id='word_1_156' title='bbox 1615 1968 1847 2051; x_wconf 83' lang='lat' dir='ltr'>excitareaptac</span> <span class='ocrx_word' id='word_1_157' title='bbox 1856 1963 1925 2046; x_wconf 82' lang='lat' dir='ltr'>fint,</span> <span class='ocrx_word' id='word_1_158' title='bbox 1941 1985 2044 2050; x_wconf 87' lang='lat' dir='ltr'>quam</span> 
     </span>
     <span class='ocr_line' id='line_1_18' title="bbox 527 2047 2043 2139; baseline 0.006 -29"><span class='ocrx_word' id='word_1_159' title='bbox 527 2063 593 2131; x_wconf 90' lang='lat' dir='ltr'>gno</span> <span class='ocrx_word' id='word_1_160' title='bbox 607 2049 731 2128; x_wconf 83' lang='lat' dir='ltr'>animo,</span> <span class='ocrx_word' id='word_1_161' title='bbox 744 2047 936 2137; x_wconf 83' lang='lat' dir='ltr'>summisque</span> <span class='ocrx_word' id='word_1_162' title='bbox 950 2056 1068 2119; x_wconf 90' lang='lat' dir='ltr'>viribus</span> <span class='ocrx_word' id='word_1_163' title='bbox 1077 2055 1107 2120; x_wconf 90' lang='lat' dir='ltr'>se</span> <span class='ocrx_word' id='word_1_164' title='bbox 1114 2072 1260 2139; x_wconf 82' lang='lat' dir='ltr'>oppone·</span> <span class='ocrx_word' id='word_1_165' title='bbox 1302 2074 1338 2122; x_wconf 89' lang='lat' dir='ltr'>vt</span> <span class='ocrx_word' id='word_1_166' title='bbox 1351 2058 1431 2121; x_wconf 88' lang='lat' dir='ltr'>alios</span> <span class='ocrx_word' id='word_1_167' title='bbox 1446 2059 1480 2121; x_wconf 92' lang='lat' dir='ltr'>in</span> <span class='ocrx_word' id='word_1_168' title='bbox 1495 2056 1626 2119; x_wconf 89' lang='lat' dir='ltr'>illorum</span> <span class='ocrx_word' id='word_1_169' title='bbox 1641 2051 1825 2139; x_wconf 88' lang='lat' dir='ltr'>pertrahant</span> <span class='ocrx_word' id='word_1_170' title='bbox 1843 2053 2043 2119; x_wconf 85' lang='lat' dir='ltr'>sententiam.</span> 
     </span>
     <span class='ocr_line' id='line_1_19' title="bbox 481 2132 2042 2223; baseline 0.003 -24"><span class='ocrx_word' id='word_1_171' title='bbox 481 2174 484 2179; x_wconf 94' lang='lat'>-</span> <span class='ocrx_word' id='word_1_172' title='bbox 528 2132 1261 2223; x_wconf 56' lang='lat' dir='ltr'>bant,nvaervaoinvnvsmonvu.</span> <span class='ocrx_word' id='word_1_173' title='bbox 1304 2140 2042 2220; x_wconf 69' lang='lat' dir='ltr'>rxrbux.rxvunrnuu1,&amp;fluxuum</span> 
     </span>
     <span class='ocr_line' id='line_1_20' title="bbox 527 2224 2043 2314; baseline 0.001 -27"><span class='ocrx_word' id='word_1_174' title='bbox 527 2238 770 2305; x_wconf 71' lang='lat' dir='ltr'>euasurus,</span> <span class='ocrx_word' id='word_1_175' title='bbox 793 2226 927 2312; x_wconf 88' lang='lat' dir='ltr'>aliique,</span> <span class='ocrx_word' id='word_1_176' title='bbox 951 2250 1027 2296; x_wconf 90' lang='lat' dir='ltr'>cum</span> <span class='ocrx_word' id='word_1_177' title='bbox 1056 2230 1170 2314; x_wconf 85' lang='lat' dir='ltr'>primis</span> <span class='ocrx_word' id='word_1_178' title='bbox 1193 2247 1261 2293; x_wconf 81' lang='lat' dir='ltr'>uv-</span> <span class='ocrx_word' id='word_1_179' title='bbox 1305 2227 1655 2313; x_wconf 76' lang='lat' dir='ltr'>nunauruliispani</span> <span class='ocrx_word' id='word_1_180' title='bbox 1670 2224 1733 2291; x_wconf 88' lang='lat' dir='ltr'>hoc</span> <span class='ocrx_word' id='word_1_181' title='bbox 1743 2229 1858 2311; x_wconf 87' lang='lat' dir='ltr'>probat</span> <span class='ocrx_word' id='word_1_182' title='bbox 1879 2225 2043 2310; x_wconf 85' lang='lat' dir='ltr'>exemplo,</span> 
     </span>
     <span class='ocr_line' id='line_1_21' title="bbox 529 2308 2045 2403; baseline 0.003 -31"><span class='ocrx_word' id='word_1_183' title='bbox 529 2326 650 2374; x_wconf 73' lang='lat' dir='ltr'>auur.</span> <span class='ocrx_word' id='word_1_184' title='bbox 664 2329 859 2394; x_wconf 69' lang='lat' dir='ltr'>rupturi,</span> <span class='ocrx_word' id='word_1_185' title='bbox 868 2314 1068 2401; x_wconf 90' lang='lat' dir='ltr'>latinumque</span> <span class='ocrx_word' id='word_1_186' title='bbox 1081 2316 1261 2382; x_wconf 89' lang='lat' dir='ltr'>sermonem</span> <span class='ocrx_word' id='word_1_187' title='bbox 1304 2316 1527 2403; x_wconf 88' lang='lat' dir='ltr'>quorumille,</span> <span class='ocrx_word' id='word_1_188' title='bbox 1552 2314 1667 2380; x_wconf 86' lang='lat' dir='ltr'>latinae</span> <span class='ocrx_word' id='word_1_189' title='bbox 1691 2308 1889 2398; x_wconf 79' lang='lat' dir='ltr'>potissimum</span> <span class='ocrx_word' id='word_1_190' title='bbox 1913 2315 2045 2399; x_wconf 79' lang='lat' dir='ltr'>linguae</span> 
     </span>
     <span class='ocr_line' id='line_1_22' title="bbox 528 2391 2043 2550; baseline 0.004 -93"><span class='ocrx_word' id='word_1_191' title='bbox 528 2392 657 2480; x_wconf 82' lang='lat' dir='ltr'>linguae</span> <span class='ocrx_word' id='word_1_192' title='bbox 669 2391 832 2466; x_wconf 85' lang='lat' dir='ltr'>hetruscae</span> <span class='ocrx_word' id='word_1_193' title='bbox 851 2402 962 2468; x_wconf 86' lang='lat' dir='ltr'>multis</span> <span class='ocrx_word' id='word_1_194' title='bbox 985 2399 1093 2469; x_wconf 86' lang='lat' dir='ltr'>modis</span> <span class='ocrx_word' id='word_1_195' title='bbox 1108 2401 1261 2489; x_wconf 87' lang='lat' dir='ltr'>pracsere·</span> <span class='ocrx_word' id='word_1_196' title='bbox 1305 2398 1484 2482; x_wconf 86' lang='lat' dir='ltr'>beneficio,</span> <span class='ocrx_word' id='word_1_197' title='bbox 1505 2402 1636 2467; x_wconf 85' lang='lat' dir='ltr'>salutem</span> <span class='ocrx_word' id='word_1_198' title='bbox 1658 2402 1784 2485; x_wconf 90' lang='lat' dir='ltr'>imperii</span> <span class='ocrx_word' id='word_1_199' title='bbox 1800 2420 1938 2464; x_wconf 86' lang='lat' dir='ltr'>romano</span> <span class='ocrx_word' id='word_1_200' title='bbox 1951 2418 2043 2550; x_wconf 68' lang='lat' dir='ltr'>-per-</span> 
     </span>
     <span class='ocr_line' id='line_1_23' title="bbox 530 2481 2044 2574; baseline 0.005 -30"><span class='ocrx_word' id='word_1_201' title='bbox 530 2481 617 2561; x_wconf 87' lang='lat' dir='ltr'>bant,</span> <span class='ocrx_word' id='word_1_202' title='bbox 635 2501 739 2567; x_wconf 91' lang='lat' dir='ltr'>eoque</span> <span class='ocrx_word' id='word_1_203' title='bbox 757 2484 843 2567; x_wconf 93' lang='lat' dir='ltr'>solo,</span> <span class='ocrx_word' id='word_1_204' title='bbox 858 2487 948 2574; x_wconf 89' lang='lat' dir='ltr'>quod</span> <span class='ocrx_word' id='word_1_205' title='bbox 965 2507 1101 2556; x_wconf 87' lang='lat' dir='ltr'>aetatem</span> <span class='ocrx_word' id='word_1_206' title='bbox 1121 2491 1260 2556; x_wconf 90' lang='lat' dir='ltr'>laturum</span> <span class='ocrx_word' id='word_1_207' title='bbox 1304 2493 1423 2557; x_wconf 89' lang='lat' dir='ltr'>manici</span> <span class='ocrx_word' id='word_1_208' title='bbox 1437 2489 1608 2568; x_wconf 89' lang='lat' dir='ltr'>contineri,</span> <span class='ocrx_word' id='word_1_209' title='bbox 1623 2487 1703 2552; x_wconf 89' lang='lat' dir='ltr'>serio</span> <span class='ocrx_word' id='word_1_210' title='bbox 1717 2489 1917 2574; x_wconf 85' lang='lat' dir='ltr'>grauiterque</span> <span class='ocrx_word' id='word_1_211' title='bbox 1933 2484 1966 2551; x_wconf 94' lang='lat' dir='ltr'>di</span> <span class='ocrx_word' id='word_1_212' title='bbox 1982 2507 2044 2571; x_wconf 90' lang='lat' dir='ltr'>pu·</span> 
     </span>
     <span class='ocr_line' id='line_1_24' title="bbox 529 2566 2046 2654; baseline 0.003 -21"><span class='ocrx_word' id='word_1_213' title='bbox 529 2566 633 2648; x_wconf 83' lang='lat' dir='ltr'>esset,</span> <span class='ocrx_word' id='word_1_214' title='bbox 669 2570 870 2640; x_wconf 84' lang='lat' dir='ltr'>scribendum</span> <span class='ocrx_word' id='word_1_215' title='bbox 905 2575 1154 2643; x_wconf 86' lang='lat' dir='ltr'>contendebant.</span> <span class='ocrx_word' id='word_1_216' title='bbox 1219 2578 1260 2641; x_wconf 90' lang='lat' dir='ltr'>Et</span> <span class='ocrx_word' id='word_1_217' title='bbox 1300 2580 1402 2653; x_wconf 86' lang='lat' dir='ltr'>tauit;</span> <span class='ocrx_word' id='word_1_218' title='bbox 1423 2577 1475 2644; x_wconf 89' lang='lat' dir='ltr'>hic</span> <span class='ocrx_word' id='word_1_219' title='bbox 1490 2593 1597 2642; x_wconf 89' lang='lat' dir='ltr'>autem</span> <span class='ocrx_word' id='word_1_220' title='bbox 1612 2575 1833 2639; x_wconf 83' lang='lat' dir='ltr'>Romanorum</span> <span class='ocrx_word' id='word_1_221' title='bbox 1852 2574 2046 2654; x_wconf 83' lang='lat' dir='ltr'>sermonem,</span> 
     </span>
     <span class='ocr_line' id='line_1_25' title="bbox 527 2657 2046 2747; baseline 0.003 -27"><span class='ocrx_word' id='word_1_222' title='bbox 527 2674 717 2723; x_wconf 79' lang='lat' dir='ltr'>uvuuxrr</span> <span class='ocrx_word' id='word_1_223' title='bbox 731 2657 862 2744; x_wconf 90' lang='lat' dir='ltr'>quidem</span> <span class='ocrx_word' id='word_1_224' title='bbox 876 2659 970 2729; x_wconf 86' lang='lat' dir='ltr'>huius</span> <span class='ocrx_word' id='word_1_225' title='bbox 986 2684 1194 2731; x_wconf 73' lang='lat' dir='ltr'>rourum</span> <span class='ocrx_word' id='word_1_226' title='bbox 1222 2663 1259 2728; x_wconf 91' lang='lat' dir='ltr'>li·</span> <span class='ocrx_word' id='word_1_227' title='bbox 1302 2667 1421 2731; x_wconf 76' lang='lat' dir='ltr'>labium</span> <span class='ocrx_word' id='word_1_228' title='bbox 1448 2660 1527 2729; x_wconf 92' lang='lat' dir='ltr'>illud</span> <span class='ocrx_word' id='word_1_229' title='bbox 1550 2662 1675 2729; x_wconf 68' lang='lat' dir='ltr'>eleum</span> <span class='ocrx_word' id='word_1_230' title='bbox 1693 2660 1771 2742; x_wconf 84' lang='lat' dir='ltr'>esse,</span> <span class='ocrx_word' id='word_1_231' title='bbox 1797 2663 2046 2747; x_wconf 88' lang='lat' dir='ltr'>pronuntiauit,</span> 
     </span>
     <span class='ocr_line' id='line_1_26' title="bbox 527 2742 2044 2839; baseline 0.005 -32"><span class='ocrx_word' id='word_1_232' title='bbox 527 2742 647 2807; x_wconf 90' lang='lat' dir='ltr'>bellum</span> <span class='ocrx_word' id='word_1_233' title='bbox 658 2742 925 2830; x_wconf 82' lang='lat' dir='ltr'>elegantissimum</span> <span class='ocrx_word' id='word_1_234' title='bbox 945 2748 986 2818; x_wconf 88' lang='lat' dir='ltr'>de</span> <span class='ocrx_word' id='word_1_235' title='bbox 1006 2751 1129 2838; x_wconf 80' lang='lat' dir='ltr'>linguae</span> <span class='ocrx_word' id='word_1_236' title='bbox 1143 2751 1262 2815; x_wconf 78' lang='lat' dir='ltr'>latinae</span> <span class='ocrx_word' id='word_1_237' title='bbox 1301 2749 1393 2839; x_wconf 91' lang='lat' dir='ltr'>quod</span> <span class='ocrx_word' id='word_1_238' title='bbox 1405 2754 1489 2817; x_wconf 88' lang='lat' dir='ltr'>Deus</span> <span class='ocrx_word' id='word_1_239' title='bbox 1503 2752 1676 2835; x_wconf 85' lang='lat' dir='ltr'>interprete</span> <span class='ocrx_word' id='word_1_240' title='bbox 1691 2769 1795 2814; x_wconf 76' lang='lat' dir='ltr'>sorta</span> <span class='ocrx_word' id='word_1_241' title='bbox 1805 2769 1907 2815; x_wconf 76' lang='lat' dir='ltr'>outa</span> <span class='ocrx_word' id='word_1_242' title='bbox 1919 2746 2044 2814; x_wconf 67' lang='lat' dir='ltr'>cundia</span> 
     </span>
     <span class='ocr_line' id='line_1_27' title="bbox 525 2829 2044 2923; baseline 0.006 -31"><span class='ocrx_word' id='word_1_243' title='bbox 525 2829 583 2909; x_wconf 79' lang='lat' dir='ltr'>vste</span> <span class='ocrx_word' id='word_1_244' title='bbox 605 2832 644 2899; x_wconf 59' lang='grc' dir='ltr'><em>ὅ</em></span> <span class='ocrx_word' id='word_1_245' title='bbox 658 2830 869 2917; x_wconf 73' lang='lat' dir='ltr'>praestantia,</span> <span class='ocrx_word' id='word_1_246' title='bbox 882 2838 969 2902; x_wconf 86' lang='lat' dir='ltr'>notis</span> <span class='ocrx_word' id='word_1_247' title='bbox 982 2836 1173 2923; x_wconf 83' lang='lat' dir='ltr'>quibusdam</span> <span class='ocrx_word' id='word_1_248' title='bbox 1187 2839 1260 2904; x_wconf 92' lang='lat' dir='ltr'>illu·</span> <span class='ocrx_word' id='word_1_249' title='bbox 1306 2858 1463 2905; x_wconf 85' lang='lat' dir='ltr'>terrarum</span> <span class='ocrx_word' id='word_1_250' title='bbox 1499 2838 1586 2902; x_wconf 88' lang='lat' dir='ltr'>orbis</span> <span class='ocrx_word' id='word_1_251' title='bbox 1621 2837 1807 2901; x_wconf 87' lang='lat' dir='ltr'>nationibus</span> <span class='ocrx_word' id='word_1_252' title='bbox 1850 2833 2044 2921; x_wconf 82' lang='lat' dir='ltr'>promiserit.</span> 
     </span>
     <span class='ocr_line' id='line_1_28' title="bbox 529 2912 2044 3010; baseline 0.004 -30"><span class='ocrx_word' id='word_1_253' title='bbox 529 2912 682 2995; x_wconf 81' lang='lat' dir='ltr'>stratum,</span> <span class='ocrx_word' id='word_1_254' title='bbox 704 2916 792 2986; x_wconf 84' lang='lat' dir='ltr'>haud</span> <span class='ocrx_word' id='word_1_255' title='bbox 806 2925 850 2987; x_wconf 90' lang='lat' dir='ltr'>ita</span> <span class='ocrx_word' id='word_1_256' title='bbox 864 2922 988 3009; x_wconf 90' lang='lat' dir='ltr'>pridem</span> <span class='ocrx_word' id='word_1_257' title='bbox 1002 2922 1111 2991; x_wconf 85' lang='lat' dir='ltr'>recudi</span> <span class='ocrx_word' id='word_1_258' title='bbox 1127 2927 1263 3005; x_wconf 90' lang='lat' dir='ltr'>curauit,</span> <span class='ocrx_word' id='word_1_259' title='bbox 1306 2923 1434 2993; x_wconf 84' lang='lat' dir='ltr'>Addere</span> <span class='ocrx_word' id='word_1_260' title='bbox 1469 2921 1620 3010; x_wconf 84' lang='lat' dir='ltr'>potuisset</span> <span class='ocrx_word' id='word_1_261' title='bbox 1650 2942 1804 2988; x_wconf 74' lang='lat' dir='ltr'>uruca.</span> <span class='ocrx_word' id='word_1_262' title='bbox 1833 2942 2044 2988; x_wconf 78' lang='lat' dir='ltr'>rucuorx·</span> 
     </span>
     <span class='ocr_line' id='line_1_29' title="bbox 530 3000 2043 3098; baseline 0.003 -29"><span class='ocrx_word' id='word_1_263' title='bbox 530 3004 624 3087; x_wconf 87' lang='lat' dir='ltr'>eique</span> <span class='ocrx_word' id='word_1_264' title='bbox 654 3000 905 3075; x_wconf 87' lang='lat' dir='ltr'>dissertationem</span> <span class='ocrx_word' id='word_1_265' title='bbox 927 3011 1011 3079; x_wconf 69' lang='lat' dir='ltr'>leiiu</span> <span class='ocrx_word' id='word_1_266' title='bbox 1039 3005 1263 3098; x_wconf 79' lang='lat' dir='ltr'>dignissimam,</span> <span class='ocrx_word' id='word_1_267' title='bbox 1308 3015 1503 3092; x_wconf 66' lang='lat' dir='ltr'>numenius</span> <span class='ocrx_word' id='word_1_268' title='bbox 1517 3010 2043 3097; x_wconf 75' lang='lat' dir='ltr'>bisloriamfircraelariniratisan-</span> 
     </span>
     <span class='ocr_line' id='line_1_30' title="bbox 530 3084 2044 3185; baseline 0.005 -30"><span class='ocrx_word' id='word_1_269' title='bbox 530 3084 572 3155; x_wconf 88' lang='lat' dir='ltr'>de</span> <span class='ocrx_word' id='word_1_270' title='bbox 600 3088 723 3176; x_wconf 70' lang='lat' dir='ltr'>linguae</span> <span class='ocrx_word' id='word_1_271' title='bbox 749 3094 867 3160; x_wconf 70' lang='lat' dir='ltr'>latiam</span> <span class='ocrx_word' id='word_1_272' title='bbox 888 3098 1009 3163; x_wconf 78' lang='lat' dir='ltr'>cuum</span> <span class='ocrx_word' id='word_1_273' title='bbox 1032 3101 1073 3170; x_wconf 60' lang='grc' dir='ltr'>ὅ</span> <span class='ocrx_word' id='word_1_274' title='bbox 1090 3096 1264 3185; x_wconf 79' lang='lat' dir='ltr'>neceffirare,</span> <span class='ocrx_word' id='word_1_275' title='bbox 1307 3122 1358 3168; x_wconf 87' lang='lat' dir='ltr'>tea</span> <span class='ocrx_word' id='word_1_276' title='bbox 1379 3099 1726 3177; x_wconf 87' lang='lat' dir='ltr'>commemorauimus,</span> <span class='ocrx_word' id='word_1_277' title='bbox 1756 3099 1791 3164; x_wconf 69' lang='grc' dir='ltr'>ὅ(</span> <span class='ocrx_word' id='word_1_278' title='bbox 1809 3092 1849 3163; x_wconf 92' lang='lat' dir='ltr'>de</span> <span class='ocrx_word' id='word_1_279' title='bbox 1868 3117 1937 3182; x_wconf 92' lang='lat' dir='ltr'>quo</span> <span class='ocrx_word' id='word_1_280' title='bbox 1961 3094 2044 3181; x_wconf 86' lang='lat' dir='ltr'>ipse·</span> 
     </span>
     <span class='ocr_line' id='line_1_31' title="bbox 528 3173 2043 3271; baseline 0.003 -30"><span class='ocrx_word' id='word_1_281' title='bbox 528 3173 698 3263; x_wconf 81' lang='lat' dir='ltr'>praemisit,</span> <span class='ocrx_word' id='word_1_282' title='bbox 715 3183 764 3245; x_wconf 79' lang='lat' dir='ltr'>vir</span> <span class='ocrx_word' id='word_1_283' title='bbox 778 3178 1012 3265; x_wconf 80' lang='lat' dir='ltr'>eruditissimus,</span> <span class='ocrx_word' id='word_1_284' title='bbox 1028 3186 1063 3253; x_wconf 80' lang='lat' dir='ltr'>dc</span> <span class='ocrx_word' id='word_1_285' title='bbox 1074 3183 1264 3271; x_wconf 83' lang='lat' dir='ltr'>infigneho-</span> <span class='ocrx_word' id='word_1_286' title='bbox 1307 3206 1386 3266; x_wconf 88' lang='lat' dir='ltr'>met,</span> <span class='ocrx_word' id='word_1_287' title='bbox 1401 3190 1436 3253; x_wconf 93' lang='lat' dir='ltr'>in</span> <span class='ocrx_word' id='word_1_288' title='bbox 1447 3184 1702 3251; x_wconf 65' lang='lat' dir='ltr'>aureaevallis</span> <span class='ocrx_word' id='word_1_289' title='bbox 1715 3186 1759 3248; x_wconf 77' lang='lat' dir='ltr'>ed</span> <span class='ocrx_word' id='word_1_290' title='bbox 1771 3184 1930 3263; x_wconf 80' lang='lat' dir='ltr'>Folietam,</span> <span class='ocrx_word' id='word_1_291' title='bbox 1940 3201 1973 3267; x_wconf 88' lang='lat' dir='ltr'>p.</span> <span class='ocrx_word' id='word_1_292' title='bbox 1986 3203 2043 3262; x_wconf 81' lang='lat'><em>1¹7·</em></span> 
     </span>
     <span class='ocr_line' id='line_1_32' title="bbox 528 3262 2044 3357; baseline 0.002 -26"><span class='ocrx_word' id='word_1_293' title='bbox 528 3262 581 3331; x_wconf 87' lang='lat' dir='ltr'>die</span> <span class='ocrx_word' id='word_1_294' title='bbox 594 3263 852 3335; x_wconf 85' lang='lat' dir='ltr'>Helmstadiensis</span> <span class='ocrx_word' id='word_1_295' title='bbox 874 3270 1054 3338; x_wconf 86' lang='lat' dir='ltr'>academiae</span> <span class='ocrx_word' id='word_1_296' title='bbox 1078 3270 1192 3355; x_wconf 84' lang='lat' dir='ltr'>decus,</span> <span class='ocrx_word' id='word_1_297' title='bbox 1212 3294 1263 3340; x_wconf 81' lang='grc' dir='ltr'>ιο.</span> <span class='ocrx_word' id='word_1_298' title='bbox 1311 3274 1467 3354; x_wconf 85' lang='lat' dir='ltr'>obseruar,</span> <span class='ocrx_word' id='word_1_299' title='bbox 1483 3295 1524 3339; x_wconf 92' lang='lat' dir='ltr'>eo</span> <span class='ocrx_word' id='word_1_300' title='bbox 1545 3273 1732 3337; x_wconf 89' lang='lat' dir='ltr'>temeritatis</span> <span class='ocrx_word' id='word_1_301' title='bbox 1745 3273 1839 3337; x_wconf 89' lang='lat' dir='ltr'>illum</span> <span class='ocrx_word' id='word_1_302' title='bbox 1854 3264 2044 3357; x_wconf 80' lang='lat' dir='ltr'>processisse,</span> 
     </span>
     <span class='ocr_line' id='line_1_33' title="bbox 529 3357 2045 3447; baseline 0.003 -29"><span class='ocrx_word' id='word_1_303' title='bbox 529 3370 739 3419; x_wconf 73' lang='lat' dir='ltr'>xavxuur.</span> <span class='ocrx_word' id='word_1_304' title='bbox 765 3376 990 3438; x_wconf 70' lang='lat' dir='ltr'>nostrum,</span> <span class='ocrx_word' id='word_1_305' title='bbox 1014 3360 1194 3447; x_wconf 89' lang='lat' dir='ltr'>Hamburgi</span> <span class='ocrx_word' id='word_1_306' title='bbox 1213 3383 1265 3425; x_wconf 87' lang='lat' dir='ltr'>an.</span> <span class='ocrx_word' id='word_1_307' title='bbox 1309 3380 1362 3442; x_wconf 87' lang='lat' dir='ltr'>vt,</span> <span class='ocrx_word' id='word_1_308' title='bbox 1389 3361 1493 3446; x_wconf 91' lang='lat' dir='ltr'>ipsum</span> <span class='ocrx_word' id='word_1_309' title='bbox 1522 3359 1714 3425; x_wconf 89' lang='lat' dir='ltr'>seruatorem</span> <span class='ocrx_word' id='word_1_310' title='bbox 1734 3358 1783 3424; x_wconf 84' lang='lat' dir='ltr'>sae</span> <span class='ocrx_word' id='word_1_311' title='bbox 1807 3360 1855 3423; x_wconf 82' lang='lat' dir='ltr'>ius</span> <span class='ocrx_word' id='word_1_312' title='bbox 1875 3359 1975 3424; x_wconf 88' lang='lat' dir='ltr'>latine</span> <span class='ocrx_word' id='word_1_313' title='bbox 1993 3357 2045 3423; x_wconf 88' lang='lat' dir='ltr'>lo·</span> 
     </span>
     <span class='ocr_line' id='line_1_34' title="bbox 533 3380 2045 3535; baseline 0.004 -30"><span class='ocrx_word' id='word_1_314' title='bbox 533 3454 630 3518; x_wconf 82' lang='lat'>1723.</span> <span class='ocrx_word' id='word_1_315' title='bbox 645 3454 677 3516; x_wconf 73' lang='lat'>8.</span> <span class='ocrx_word' id='word_1_316' title='bbox 720 3438 810 3509; x_wconf 87' lang='lat' dir='ltr'>Idem</span> <span class='ocrx_word' id='word_1_317' title='bbox 823 3465 954 3530; x_wconf 91' lang='lat' dir='ltr'>quoque</span> <span class='ocrx_word' id='word_1_318' title='bbox 969 3448 1018 3511; x_wconf 88' lang='lat' dir='ltr'>vir</span> <span class='ocrx_word' id='word_1_319' title='bbox 1032 3441 1217 3513; x_wconf 75' lang='lat' dir='ltr'>clariss&#39;tmus</span> <span class='ocrx_word' id='word_1_320' title='bbox 1227 3444 1266 3513; x_wconf 84' lang='lat' dir='ltr'>de</span> <span class='ocrx_word' id='word_1_321' title='bbox 1310 3466 1469 3535; x_wconf 91' lang='lat' dir='ltr'>quutum,</span> <span class='ocrx_word' id='word_1_322' title='bbox 1484 3442 1664 3512; x_wconf 80' lang='lat' dir='ltr'>adseuerate</span> <span class='ocrx_word' id='word_1_323' title='bbox 1685 3467 1757 3511; x_wconf 90' lang='lat' dir='ltr'>non</span> <span class='ocrx_word' id='word_1_324' title='bbox 1779 3380 1960 3527; x_wconf 82' lang='lat' dir='ltr'>dubitaret,</span> <span class='ocrx_word' id='word_1_325' title='bbox 1982 3442 2045 3511; x_wconf 78' lang='lat' dir='ltr'>hae</span> 
     </span>
     <span class='ocr_line' id='line_1_35' title="bbox 529 3520 2045 3618; baseline 0.005 -30"><span class='ocrx_word' id='word_1_326' title='bbox 529 3520 631 3591; x_wconf 87' lang='lat' dir='ltr'>bucce</span> <span class='ocrx_word' id='word_1_327' title='bbox 645 3524 819 3595; x_wconf 70' lang='lat' dir='ltr'>dodorum</span> <span class='ocrx_word' id='word_1_328' title='bbox 834 3533 989 3603; x_wconf 76' lang='lat' dir='ltr'>,virorum</span> <span class='ocrx_word' id='word_1_329' title='bbox 1012 3535 1149 3601; x_wconf 88' lang='lat' dir='ltr'>initalia</span> <span class='ocrx_word' id='word_1_330' title='bbox 1163 3551 1264 3601; x_wconf 91' lang='lat' dir='ltr'>certa·</span> <span class='ocrx_word' id='word_1_331' title='bbox 1309 3538 1450 3603; x_wconf 83' lang='lat' dir='ltr'>maxime</span> <span class='ocrx_word' id='word_1_332' title='bbox 1479 3531 1518 3600; x_wconf 88' lang='lat' dir='ltr'>de</span> <span class='ocrx_word' id='word_1_333' title='bbox 1546 3531 1665 3613; x_wconf 85' lang='lat' dir='ltr'>caussa,</span> <span class='ocrx_word' id='word_1_334' title='bbox 1681 3529 1770 3618; x_wconf 92' lang='lat' dir='ltr'>quod</span> <span class='ocrx_word' id='word_1_335' title='bbox 1790 3535 1856 3598; x_wconf 84' lang='lat' dir='ltr'>veri</span> <span class='ocrx_word' id='word_1_336' title='bbox 1879 3529 1980 3598; x_wconf 76' lang='lat' dir='ltr'>simile</span> <span class='ocrx_word' id='word_1_337' title='bbox 1992 3528 2045 3612; x_wconf 82' lang='lat' dir='ltr'>fit,</span> 
     </span>
     <span class='ocr_line' id='line_1_36' title="bbox 530 3613 2045 3709; baseline 0.005 -33"><span class='ocrx_word' id='word_1_338' title='bbox 530 3613 620 3677; x_wconf 80' lang='lat' dir='ltr'>mine</span> <span class='ocrx_word' id='word_1_339' title='bbox 633 3616 709 3701; x_wconf 81' lang='lat' dir='ltr'>agit,</span> <span class='ocrx_word' id='word_1_340' title='bbox 723 3634 794 3681; x_wconf 92' lang='lat' dir='ltr'>tum</span> <span class='ocrx_word' id='word_1_341' title='bbox 807 3620 842 3683; x_wconf 93' lang='lat' dir='ltr'>in</span> <span class='ocrx_word' id='word_1_342' title='bbox 853 3620 1061 3701; x_wconf 65' lang='lat' dir='ltr'>praefatione,</span> <span class='ocrx_word' id='word_1_343' title='bbox 1077 3623 1142 3687; x_wconf 88' lang='lat' dir='ltr'>iam</span> <span class='ocrx_word' id='word_1_344' title='bbox 1155 3618 1265 3687; x_wconf 88' lang='lat' dir='ltr'>lauda·</span> <span class='ocrx_word' id='word_1_345' title='bbox 1310 3646 1385 3691; x_wconf 86' lang='lat' dir='ltr'>eum</span> <span class='ocrx_word' id='word_1_346' title='bbox 1397 3623 1515 3709; x_wconf 88' lang='lat' dir='ltr'>legibus</span> <span class='ocrx_word' id='word_1_347' title='bbox 1530 3621 1703 3701; x_wconf 88' lang='lat' dir='ltr'>Romanis,</span> <span class='ocrx_word' id='word_1_348' title='bbox 1725 3640 1807 3705; x_wconf 88' lang='lat' dir='ltr'>quae</span> <span class='ocrx_word' id='word_1_349' title='bbox 1822 3619 1977 3686; x_wconf 78' lang='lat' dir='ltr'>sermonis</span> <span class='ocrx_word' id='word_1_350' title='bbox 1998 3618 2045 3683; x_wconf 87' lang='lat' dir='ltr'>la-</span> 
     </span>
     <span class='ocr_line' id='line_1_37' title="bbox 530 3705 2044 3792; baseline 0.004 -27"><span class='ocrx_word' id='word_1_351' title='bbox 530 3714 574 3779; x_wconf 84' lang='lat' dir='ltr'>ta,</span> <span class='ocrx_word' id='word_1_352' title='bbox 589 3705 620 3781; x_wconf 70' lang='grc' dir='ltr'>ς.</span> <span class='ocrx_word' id='word_1_353' title='bbox 635 3705 725 3767; x_wconf 81' lang='lat' dir='ltr'>xm.</span> <span class='ocrx_word' id='word_1_354' title='bbox 734 3722 768 3787; x_wconf 91' lang='lat' dir='ltr'>p.</span> <span class='ocrx_word' id='word_1_355' title='bbox 774 3724 819 3788; x_wconf 73' lang='lat'>31.</span> <span class='ocrx_word' id='word_1_356' title='bbox 826 3707 909 3792; x_wconf 69' lang='lat' dir='ltr'>fiqu.</span> <span class='ocrx_word' id='word_1_357' title='bbox 924 3724 994 3772; x_wconf 90' lang='lat' dir='ltr'>tum</span> <span class='ocrx_word' id='word_1_358' title='bbox 1008 3709 1045 3772; x_wconf 88' lang='lat' dir='ltr'>in</span> <span class='ocrx_word' id='word_1_359' title='bbox 1054 3710 1265 3773; x_wconf 75' lang='lat' dir='ltr'>adaptationi·</span> <span class='ocrx_word' id='word_1_360' title='bbox 1309 3714 1370 3777; x_wconf 92' lang='lat' dir='ltr'>tini</span> <span class='ocrx_word' id='word_1_361' title='bbox 1385 3711 1475 3776; x_wconf 89' lang='lat' dir='ltr'>vsum</span> <span class='ocrx_word' id='word_1_362' title='bbox 1496 3709 1712 3792; x_wconf 89' lang='lat' dir='ltr'>imperabant,</span> <span class='ocrx_word' id='word_1_363' title='bbox 1735 3705 1878 3792; x_wconf 85' lang='lat' dir='ltr'>paruisse.</span> <span class='ocrx_word' id='word_1_364' title='bbox 1932 3707 2044 3771; x_wconf 85' lang='lat' dir='ltr'>Nemo</span> 
     </span>
     <span class='ocr_line' id='line_1_38' title="bbox 529 3786 2044 3881; baseline 0.005 -31"><span class='ocrx_word' id='word_1_365' title='bbox 529 3786 587 3851; x_wconf 80' lang='lat' dir='ltr'>bas</span> <span class='ocrx_word' id='word_1_366' title='bbox 599 3790 644 3854; x_wconf 79' lang='lat' dir='ltr'>ad</span> <span class='ocrx_word' id='word_1_367' title='bbox 661 3789 827 3874; x_wconf 79' lang='lat' dir='ltr'>Folietaem,</span> <span class='ocrx_word' id='word_1_368' title='bbox 841 3812 874 3876; x_wconf 88' lang='lat' dir='ltr'>p.</span> <span class='ocrx_word' id='word_1_369' title='bbox 894 3804 941 3867; x_wconf 60' lang='grc' dir='ltr'>ιι.</span> <span class='ocrx_word' id='word_1_370' title='bbox 949 3793 1034 3878; x_wconf 77' lang='lat' dir='ltr'>jiqq.</span> <span class='ocrx_word' id='word_1_371' title='bbox 1057 3793 1091 3860; x_wconf 88' lang='lat'>&amp;</span> <span class='ocrx_word' id='word_1_372' title='bbox 1108 3797 1144 3862; x_wconf 89' lang='lat' dir='ltr'>in</span> <span class='ocrx_word' id='word_1_373' title='bbox 1166 3799 1265 3881; x_wconf 90' lang='lat' dir='ltr'>priori</span> <span class='ocrx_word' id='word_1_374' title='bbox 1310 3816 1419 3864; x_wconf 87' lang='lat' dir='ltr'>autem</span> <span class='ocrx_word' id='word_1_375' title='bbox 1440 3795 1520 3861; x_wconf 80' lang='lat' dir='ltr'>sorte</span> <span class='ocrx_word' id='word_1_376' title='bbox 1541 3795 1670 3875; x_wconf 87' lang='lat' dir='ltr'>melius,</span> <span class='ocrx_word' id='word_1_377' title='bbox 1685 3795 1864 3880; x_wconf 88' lang='lat' dir='ltr'>maiorique</span> <span class='ocrx_word' id='word_1_378' title='bbox 1885 3793 2044 3861; x_wconf 78' lang='lat' dir='ltr'>sermonis</span> 
     </span>
     <span class='ocr_line' id='line_1_39' title="bbox 532 3871 2046 3971; baseline 0.003 -31"><span class='ocrx_word' id='word_1_379' title='bbox 532 3871 665 3960; x_wconf 89' lang='lat' dir='ltr'>quidem</span> <span class='ocrx_word' id='word_1_380' title='bbox 685 3877 784 3959; x_wconf 85' lang='lat' dir='ltr'>locu,</span> <span class='ocrx_word' id='word_1_381' title='bbox 805 3876 892 3965; x_wconf 85' lang='lat' dir='ltr'>apud</span> <span class='ocrx_word' id='word_1_382' title='bbox 914 3882 993 3945; x_wconf 87' lang='lat' dir='ltr'>alias</span> <span class='ocrx_word' id='word_1_383' title='bbox 1008 3901 1138 3966; x_wconf 90' lang='lat' dir='ltr'>quoque</span> <span class='ocrx_word' id='word_1_384' title='bbox 1156 3902 1266 3971; x_wconf 79' lang='lat' dir='ltr'>gentes</span> <span class='ocrx_word' id='word_1_385' title='bbox 1310 3885 1485 3970; x_wconf 86' lang='lat' dir='ltr'>elegantia,</span> <span class='ocrx_word' id='word_1_386' title='bbox 1508 3884 1635 3968; x_wconf 89' lang='lat' dir='ltr'>linguae</span> <span class='ocrx_word' id='word_1_387' title='bbox 1664 3882 1782 3947; x_wconf 85' lang='lat' dir='ltr'>latinae</span> <span class='ocrx_word' id='word_1_388' title='bbox 1804 3879 1943 3948; x_wconf 85' lang='lat' dir='ltr'>caussam</span> <span class='ocrx_word' id='word_1_389' title='bbox 1968 3883 2046 3968; x_wconf 86' lang='lat' dir='ltr'>egit,</span> 
     </span>
     <span class='ocr_line' id='line_1_40' title="bbox 530 3960 2046 4058; baseline 0.004 -31"><span class='ocrx_word' id='word_1_390' title='bbox 530 3960 680 4029; x_wconf 82' lang='lat' dir='ltr'>eamdem</span> <span class='ocrx_word' id='word_1_391' title='bbox 700 3982 826 4031; x_wconf 87' lang='lat' dir='ltr'>motam</span> <span class='ocrx_word' id='word_1_392' title='bbox 841 3966 1037 4053; x_wconf 85' lang='lat' dir='ltr'>quandoque</span> <span class='ocrx_word' id='word_1_393' title='bbox 1055 3967 1265 4037; x_wconf 83' lang='lat' dir='ltr'>controuerfi-</span> <span class='ocrx_word' id='word_1_394' title='bbox 1310 3993 1409 4058; x_wconf 88' lang='lat' dir='ltr'>quam</span> <span class='ocrx_word' id='word_1_395' title='bbox 1425 3970 1871 4054; x_wconf 75' lang='lat' dir='ltr'>ipseuvuuur.rot1rra</span> <span class='ocrx_word' id='word_1_396' title='bbox 1887 4016 1897 4049; x_wconf 96' lang='lat'>,</span> <span class='ocrx_word' id='word_1_397' title='bbox 1920 3970 1977 4054; x_wconf 91' lang='lat' dir='ltr'>qui</span> <span class='ocrx_word' id='word_1_398' title='bbox 1997 3969 2046 4033; x_wconf 85' lang='lat' dir='ltr'>ui·</span> 
     </span>
     <span class='ocr_line' id='line_1_41' title="bbox 528 4050 2046 4143; baseline 0.005 -30"><span class='ocrx_word' id='word_1_399' title='bbox 528 4067 583 4113; x_wconf 86' lang='lat' dir='ltr'>am</span> <span class='ocrx_word' id='word_1_400' title='bbox 596 4050 754 4118; x_wconf 87' lang='lat' dir='ltr'>obseruat.</span> <span class='ocrx_word' id='word_1_401' title='bbox 825 4055 863 4119; x_wconf 93' lang='lat' dir='ltr'>ln</span> <span class='ocrx_word' id='word_1_402' title='bbox 876 4054 977 4119; x_wconf 83' lang='lat' dir='ltr'>Gallis</span> <span class='ocrx_word' id='word_1_403' title='bbox 991 4076 1131 4143; x_wconf 83' lang='lat' dir='ltr'>namque</span> <span class='ocrx_word' id='word_1_404' title='bbox 1147 4078 1265 4124; x_wconf 74' lang='lat' dir='ltr'>roan.</span> <span class='ocrx_word' id='word_1_405' title='bbox 1308 4081 1346 4124; x_wconf 93' lang='lat' dir='ltr'>ro</span> <span class='ocrx_word' id='word_1_406' title='bbox 1361 4053 1544 4125; x_wconf 68' lang='lat' dir='ltr'>dodilsrmo</span> <span class='ocrx_word' id='word_1_407' title='bbox 1559 4052 1617 4122; x_wconf 80' lang='lat' dir='ltr'>illa</span> <span class='ocrx_word' id='word_1_408' title='bbox 1637 4055 1880 4122; x_wconf 88' lang='lat' dir='ltr'>commentandi</span> <span class='ocrx_word' id='word_1_409' title='bbox 1903 4050 2046 4123; x_wconf 80' lang='lat' dir='ltr'>occasio·</span> 
     </span>
     <span class='ocr_line' id='line_1_42' title="bbox 527 4137 2046 4231; baseline 0.008 -32"><span class='ocrx_word' id='word_1_410' title='bbox 527 4138 1049 4228; x_wconf 75' lang='lat' dir='ltr'>xruovauxrvuexstitisse,qui</span> <span class='ocrx_word' id='word_1_411' title='bbox 1057 4144 1184 4230; x_wconf 88' lang='lat' dir='ltr'>linguae</span> <span class='ocrx_word' id='word_1_412' title='bbox 1192 4145 1264 4212; x_wconf 89' lang='lat' dir='ltr'>suae</span> <span class='ocrx_word' id='word_1_413' title='bbox 1307 4168 1385 4212; x_wconf 89' lang='lat' dir='ltr'>nem</span> <span class='ocrx_word' id='word_1_414' title='bbox 1399 4146 1553 4231; x_wconf 88' lang='lat' dir='ltr'>praebuit.</span> <span class='ocrx_word' id='word_1_415' title='bbox 1609 4140 1820 4228; x_wconf 84' lang='lat' dir='ltr'>Praecipuum</span> <span class='ocrx_word' id='word_1_416' title='bbox 1836 4160 1936 4224; x_wconf 91' lang='lat' dir='ltr'>certe,</span> <span class='ocrx_word' id='word_1_417' title='bbox 1954 4137 2046 4229; x_wconf 92' lang='lat' dir='ltr'>quod</span> 
     </span>
     <span class='ocr_line' id='line_1_43' title="bbox 527 4221 2048 4319; baseline 0.008 -36"><span class='ocrx_word' id='word_1_418' title='bbox 527 4239 605 4306; x_wconf 88' lang='lat' dir='ltr'>prae</span> <span class='ocrx_word' id='word_1_419' title='bbox 619 4221 716 4289; x_wconf 83' lang='lat' dir='ltr'>latina</span> <span class='ocrx_word' id='word_1_420' title='bbox 732 4232 967 4316; x_wconf 85' lang='lat' dir='ltr'>praerogatiuas</span> <span class='ocrx_word' id='word_1_421' title='bbox 980 4230 1262 4315; x_wconf 86' lang='lat' dir='ltr'>peculiarilibello,</span> <span class='ocrx_word' id='word_1_422' title='bbox 1306 4235 1353 4299; x_wconf 87' lang='lat' dir='ltr'>illi</span> <span class='ocrx_word' id='word_1_423' title='bbox 1366 4235 1492 4319; x_wconf 93' lang='lat' dir='ltr'>opponi</span> <span class='ocrx_word' id='word_1_424' title='bbox 1531 4248 1646 4310; x_wconf 88' lang='lat' dir='ltr'>oterat,</span> <span class='ocrx_word' id='word_1_425' title='bbox 1660 4248 1899 4316; x_wconf 77' lang='lat' dir='ltr'>argumentum,</span> <span class='ocrx_word' id='word_1_426' title='bbox 1915 4252 1987 4297; x_wconf 89' lang='lat' dir='ltr'>non</span> <span class='ocrx_word' id='word_1_427' title='bbox 2007 4250 2048 4296; x_wconf 87' lang='lat' dir='ltr'>o·</span> 
     </span>
     <span class='ocr_line' id='line_1_44' title="bbox 526 4252 2048 4406; baseline 0.007 -33"><span class='ocrx_word' id='word_1_428' title='bbox 526 4326 751 4379; x_wconf 73' lang='lat' dir='ltr'>asomum</span> <span class='ocrx_word' id='word_1_429' title='bbox 766 4337 864 4382; x_wconf 79' lang='lat' dir='ltr'>sonu</span> <span class='ocrx_word' id='word_1_430' title='bbox 875 4337 972 4384; x_wconf 74' lang='lat' dir='ltr'>raro</span> <span class='ocrx_word' id='word_1_431' title='bbox 991 4313 1090 4399; x_wconf 91' lang='lat' dir='ltr'>edito,</span> <span class='ocrx_word' id='word_1_432' title='bbox 1105 4319 1262 4405; x_wconf 85' lang='lat' dir='ltr'>explicare</span> <span class='ocrx_word' id='word_1_433' title='bbox 1305 4323 1406 4400; x_wconf 89' lang='lat' dir='ltr'>mnia,</span> <span class='ocrx_word' id='word_1_434' title='bbox 1420 4340 1501 4406; x_wconf 90' lang='lat' dir='ltr'>quae</span> <span class='ocrx_word' id='word_1_435' title='bbox 1508 4252 1611 4385; x_wconf 72' lang='lat' dir='ltr'>bodie</span> <span class='ocrx_word' id='word_1_436' title='bbox 1626 4320 1661 4384; x_wconf 88' lang='lat' dir='ltr'>in</span> <span class='ocrx_word' id='word_1_437' title='bbox 1677 4316 1731 4382; x_wconf 86' lang='lat' dir='ltr'>vsu</span> <span class='ocrx_word' id='word_1_438' title='bbox 1746 4318 1837 4399; x_wconf 90' lang='lat' dir='ltr'>sunt,</span> <span class='ocrx_word' id='word_1_439' title='bbox 1849 4320 1952 4386; x_wconf 87' lang='lat' dir='ltr'>verbis</span> <span class='ocrx_word' id='word_1_440' title='bbox 1973 4318 2048 4385; x_wconf 80' lang='lat' dir='ltr'>lati·</span> 
     </span>
     <span class='ocr_line' id='line_1_45' title="bbox 523 4390 2047 4493; baseline -0.005 -14"><span class='ocrx_word' id='word_1_441' title='bbox 523 4390 690 4493; x_wconf 43' lang='lat' dir='ltr'>studuerit,</span> <span class='ocrx_word' id='word_1_442' title='bbox 704 4418 817 4466; x_wconf 87' lang='lat' dir='ltr'>contra</span> <span class='ocrx_word' id='word_1_443' title='bbox 832 4425 929 4489; x_wconf 92' lang='lat' dir='ltr'>quem</span> <span class='ocrx_word' id='word_1_444' title='bbox 942 4423 1125 4487; x_wconf 77' lang='lat' dir='ltr'>exustus,</span> <span class='ocrx_word' id='word_1_445' title='bbox 1139 4405 1262 4475; x_wconf 87' lang='lat' dir='ltr'>mathe-</span> <span class='ocrx_word' id='word_1_446' title='bbox 1305 4411 1367 4488; x_wconf 83' lang='lat' dir='ltr'>nis,</span> <span class='ocrx_word' id='word_1_447' title='bbox 1382 4409 1484 4492; x_wconf 84' lang='lat' dir='ltr'>iisque</span> <span class='ocrx_word' id='word_1_448' title='bbox 1501 4408 1600 4491; x_wconf 87' lang='lat' dir='ltr'>puris,</span> <span class='ocrx_word' id='word_1_449' title='bbox 1616 4407 1651 4473; x_wconf 81' lang='lat' dir='ltr'>dt</span> <span class='ocrx_word' id='word_1_450' title='bbox 1675 4403 1762 4490; x_wconf 84' lang='lat' dir='ltr'>apud</span> <span class='ocrx_word' id='word_1_451' title='bbox 1780 4425 1900 4473; x_wconf 86' lang='lat' dir='ltr'>veteres</span> <span class='ocrx_word' id='word_1_452' title='bbox 1921 4406 2047 4475; x_wconf 78' lang='lat' dir='ltr'>Roma·</span> 
     </span>
     <span class='ocr_line' id='line_1_46' title="bbox 522 4488 2048 4583; baseline 0.009 -38"><span class='ocrx_word' id='word_1_453' title='bbox 522 4498 660 4583; x_wconf 73' lang='lat' dir='ltr'>mancus</span> <span class='ocrx_word' id='word_1_454' title='bbox 684 4488 887 4570; x_wconf 80' lang='lat' dir='ltr'>percelebris,</span> <span class='ocrx_word' id='word_1_455' title='bbox 903 4489 1051 4578; x_wconf 89' lang='lat' dir='ltr'>idemque</span> <span class='ocrx_word' id='word_1_456' title='bbox 1075 4494 1175 4560; x_wconf 81' lang='lat' dir='ltr'>latine</span> <span class='ocrx_word' id='word_1_457' title='bbox 1201 4493 1260 4561; x_wconf 90' lang='lat' dir='ltr'>do·</span> <span class='ocrx_word' id='word_1_458' title='bbox 1304 4517 1365 4560; x_wconf 83' lang='lat' dir='ltr'>nos</span> <span class='ocrx_word' id='word_1_459' title='bbox 1388 4492 1525 4574; x_wconf 80' lang='lat' dir='ltr'>usitatis,</span> <span class='ocrx_word' id='word_1_460' title='bbox 1545 4495 1679 4580; x_wconf 83' lang='lat' dir='ltr'>exprimi</span> <span class='ocrx_word' id='word_1_461' title='bbox 1699 4494 1803 4578; x_wconf 76' lang='lat' dir='ltr'>posse,</span> <span class='ocrx_word' id='word_1_462' title='bbox 1828 4495 1874 4559; x_wconf 89' lang='lat' dir='ltr'>ita</span> <span class='ocrx_word' id='word_1_463' title='bbox 1888 4491 1994 4573; x_wconf 92' lang='lat' dir='ltr'>diluit,</span> <span class='ocrx_word' id='word_1_464' title='bbox 2009 4508 2048 4559; x_wconf 77' lang='lat' dir='ltr'>et</span> 
     </span>
     <span class='ocr_line' id='line_1_47' title="bbox 524 4562 2047 4667; baseline 0.009 -33"><span class='ocrx_word' id='word_1_465' title='bbox 524 4562 690 4652; x_wconf 59' lang='lat' dir='ltr'>dissonus,</span> <span class='ocrx_word' id='word_1_466' title='bbox 714 4570 836 4639; x_wconf 83' lang='lat' dir='ltr'>duabus</span> <span class='ocrx_word' id='word_1_467' title='bbox 850 4576 989 4660; x_wconf 84' lang='lat' dir='ltr'>epistolis</span> <span class='ocrx_word' id='word_1_468' title='bbox 1010 4583 1148 4666; x_wconf 88' lang='lat' dir='ltr'>gloriam</span> <span class='ocrx_word' id='word_1_469' title='bbox 1167 4581 1260 4651; x_wconf 85' lang='lat' dir='ltr'>latini</span> <span class='ocrx_word' id='word_1_470' title='bbox 1303 4582 1444 4667; x_wconf 85' lang='lat' dir='ltr'>copiose,</span> <span class='ocrx_word' id='word_1_471' title='bbox 1459 4581 1632 4667; x_wconf 85' lang='lat' dir='ltr'>multisque</span> <span class='ocrx_word' id='word_1_472' title='bbox 1645 4582 1821 4646; x_wconf 85' lang='lat' dir='ltr'>rationibus</span> <span class='ocrx_word' id='word_1_473' title='bbox 1836 4578 2047 4660; x_wconf 66' lang='lat' dir='ltr'>ostendend-</span> 
     </span>
    </p>
   </div>
   <div class='ocr_carea' id='block_1_4' title="bbox 519 4654 2051 4847">
    <p class='ocr_par' dir='ltr' id='par_1_5' title="bbox 519 4654 2051 4847">
     <span class='ocr_line' id='line_1_48' title="bbox 519 4654 2051 4847; baseline 0.012 -125"><span class='ocrx_word' id='word_1_474' title='bbox 519 4654 676 4729; x_wconf 71' lang='lat' dir='ltr'>samonis</span> <span class='ocrx_word' id='word_1_475' title='bbox 689 4657 871 4733; x_wconf 82' lang='lat' dir='ltr'>adseruerit.</span> <span class='ocrx_word' id='word_1_476' title='bbox 914 4662 1015 4737; x_wconf 79' lang='lat' dir='ltr'>Addit</span> <span class='ocrx_word' id='word_1_477' title='bbox 1026 4664 1169 4747; x_wconf 75' lang='lat' dir='ltr'>deludet</span> <span class='ocrx_word' id='word_1_478' title='bbox 1191 4674 1260 4769; x_wconf 65' lang='lat' dir='ltr'>Hog</span> <span class='ocrx_word' id='word_1_479' title='bbox 1303 4690 1376 4752; x_wconf 75' lang='lat' dir='ltr'>cere</span> <span class='ocrx_word' id='word_1_480' title='bbox 1393 4670 1487 4745; x_wconf 83' lang='lat' dir='ltr'>nobis</span> <span class='ocrx_word' id='word_1_481' title='bbox 1503 4665 1699 4759; x_wconf 86' lang='lat' dir='ltr'>quandoque</span> <span class='ocrx_word' id='word_1_482' title='bbox 1709 4668 1979 4829; x_wconf 52' lang='lat' dir='ltr'>rtouauueabulp,a</span> <span class='ocrx_word' id='word_1_483' title='bbox 1979 4688 2051 4847; x_wconf 50' lang='lat' dir='ltr'><strong>‹¹1¹ss</strong></span> 
     </span>
    </p>
   </div>
   <div class='ocr_carea' id='block_1_5' title="bbox 0 0 2641 5956">
    <p class='ocr_par' dir='ltr' id='par_1_6' title="bbox 0 0 2641 5956">
     <span class='ocr_line' id='line_1_49' title="bbox 0 0 2641 5956; baseline 0 0"><span class='ocrx_word' id='word_1_484' title='bbox 0 0 2641 5956; x_wconf 95' lang='lat' dir='ltr'> </span> 
     </span>
    </p>
   </div>
  </div>
 </body>
</html>
