5259 5967
760 672 827 745 DE
863 672 1187 745 THEOLOGIA
1209 676 1537 753 PATRISTICA.
1864 702 1928 773 53³

374 784 493 915 'neon
503 826 623 912 necne
631 826 758 911 secan
780 825 945 915 praemunt
961 836 995 909 ς.
1012 788 1923 917 Uiennensis-unffi
2011 872 2018 885 ..

394 934 507 1093 m
527 930 754 983 strutuvtt
779 910 930 1002 equidem
949 912 1043 984 valde
1064 938 1135 1004 pet·
1178 910 1595 1003 ipseversronemeouseeitr
1615 922 1650 983 in
1660 939 1724 1004 qua
1733 936 1842 985 tamen
1852 940 1922 989 rur·

441 1005 449 1019 '
498 1006 522 1069 't
548 1022 856 1083 utttonrstvs,
885 1000 976 1089 quod
993 1004 1078 1072 mala
1099 1005 1135 1071 in
1177 1006 1228 1073 sus
1243 1004 1316 1083 alii,
1333 1000 1423 1090 quod
1447 1001 1734 1091 reprehenderent,
1752 1002 1808 1071 srbi
1828 1010 1921 1076 inue-

395 1086 557 1162 vettendis
575 1105 790 1157 ostentus
809 1089 897 1155 libris
918 1088 990 1156 vsus
1010 1086 1136 1160 sttfide.
1177 1089 1420 1169 nilsevistsuntt
1443 1109 1477 1158 vt
1491 1090 1656 1159 audiorest
1669 1112 1814 1159 tvnov.
1833 1114 1920 1165 etc.

395 1177 442 1247 Ar
453 1172 539 1245 reste
557 1196 676 1242 tonte.
691 1195 824 1243 ostra
834 1196 916 1241 svs:
931 1177 1136 1262 Hieronymus
1177 1198 1230 1247 nv
1244 1196 1345 1260 utu,
1356 1200 1428 1244 nou.
1443 1176 1584 1244 biblioth.
1591 1178 1733 1264 streptor.
1742 1179 1919 1262 ecclefirom.

393 1260 875 1353 Raffitotirfuit,ssteor,hattd
881 1261 1132 1348 paullodosiiorq
1175 1272 1219 1333 11.
1229 1284 1263 1349 p.
1277 1287 1305 1333 ι.
1329 1268 1364 1337 &
1377 1288 1414 1332 ex
1426 1285 1466 1333 eo
1488 1286 1498 1329 ι
1511 1288 1561 1333 rr
1573 1286 1584 1331 ι
1597 1286 1618 1332 o
1630 1286 1644 1333 1
1654 1289 1674 1331 v
1684 1289 1720 1349 s,
1733 1265 1754 1331 I.
1760 1288 1786 1333 c.
1807 1267 1917 1351 Quam

395 1352 547 1438 interpres
558 1351 654 1433 nescio
671 1369 716 1415 an
729 1349 827 1417 mulo
842 1349 968 1438 fidelior
979 1372 1017 1415 ac
1028 1352 1086 1417 reli
1104 1354 1132 1417 i.
1174 1354 1343 1421 infeliciter
1358 1372 1436 1419 toa
1449 1374 1514 1419 cu.
1530 1373 1606 1421 tet
1619 1374 1633 1419 t
1644 1375 1697 1421 ou
1709 1374 1723 1419 t
1735 1374 1790 1435 vs,
1803 1355 1854 1421 vir
1864 1374 1918 1423 ce·

393 1438 488 1527 epioe,
499 1437 521 1505 l,
533 1458 559 1505 c.
568 1454 668 1523 praa.
712 1438 760 1503 Ex
780 1437 1042 1506 translationibus
1060 1460 1130 1507 erus
1174 1458 1239 1509 tera
1260 1462 1331 1509 non
1347 1437 1521 1522 indoctus,
1542 1442 1577 1506 in
1590 1443 1709 1528 graecis
1724 1441 1825 1507 latine
1841 1462 1911 1509 ver-

393 1524 556 1613 adparete‚
568 1542 724 1611 perquam
735 1522 1024 1613 modieeinlingua
1037 1546 1129 1615 grae·
1172 1526 1274 1595 tendis
1291 1528 1431 1595 versatus
1442 1522 1503 1607 stt,
1528 1546 1684 1614 quantam
1702 1549 1830 1617 graecae
1851 1529 1914 1596 lin·

393 1632 432 1681 ea
444 1634 519 1679 eunt
530 1614 736 1679 exercitatum
749 1610 857 1693 soille,
873 1609 986 1681 adserit
1004 1629 1129 1685 totta.
1172 1634 1253 1701 guae
1268 1617 1507 1701 ignorationem
1522 1612 1715 1700 prodiderit,
1737 1617 1772 1681 in
1780 1619 1912 1700 praefa-

394 1718 523 1767 cnnut
534 1719 623 1777 cvs,
640 1702 673 1766 in
681 1697 879 1786 quaesiionib.
896 1702 1129 1788 Hieronymiaen.
1171 1705 1742 1782 tiene,ort1erutscrmmenteriis
1759 1702 1911 1789 praemis·

391 1786 505 1874 quaest.
524 1789 583 1852 111.
602 1793 634 1869 §.
649 1790 675 1851 1.
694 1804 729 1871 p.
742 1806 800 1871 44.
820 1788 869 1853 vti
886 1786 981 1873 supra
999 1791 1066 1855 iam
1086 1785 1128 1859 ad
1170 1790 1334 1871 sa,ertrt.
1350 1810 1446 1857 nau.
1462 1787 1798 1858 nvtrtvsedilserit.
1816 1808 1910 1859 cars.

392 1876 499 1958 plis.
519 1873 772 1941 obseruauimus.
837 1874 887 1940 De
901 1874 956 1940 sua
975 1894 1126 1943 ostas-
1170 1896 1402 1945 aaronitae
1416 1882 1559 1965 {graecae
1580 1878 1626 1943 lin
1648 1896 1708 1945 uae
1736 1897 1808 1943 non
1835 1876 1908 1943 satis

389 1980 466 2029 tus
487 1962 769 2046 interpretatione,
785 1961 937 2046 ipsemet,
956 1964 1126 2049 Origenern,
1190 1986 1305 2031 narum
1327 1960 1440 2043 fuisse,
1461 1980 1556 2031 antea
1576 1966 1612 2030 in
1637 1966 1802 2031 'cauimus
1853 1965 1909 2029 ln·

388 2050 508 2137 inquit,
521 2068 570 2112 me
581 2048 686 2133 arguit
699 2047 813 2136 eertiffe
823 2049 857 2112 in
871 2048 1014 2115 latinum.
1058 2055 1126 2115 Hoc
1168 1986 1247 2139 figni
1264 2049 1328 2117 lroc
1345 2049 1571 2137 comprobauit
1588 2048 1810 2132 documento,
1826 2048 1906 2118 dura

386 2136 544 2221 teufilus
557 2135 696 2223 egofieie
710 2135 768 2216 secl
776 2138 816 2207 ὅ
829 2134 971 2223 confrfflr
981 2136 1125 2203 Hilarius
1166 2138 1423 2225 inmartyrologio
1439 2133 1480 2204 ad
1495 2138 1575 2201 diem
1588 2141 1706 2205 XXIV.
1720 2142 1792 2205 Ian.
1802 2154 1835 2222 p.
1849 2146 1904 2222 45.

376 2222 487 2311 fide,-
506 2225 545 2295 εἰ
564 2240 668 2286 temen
690 2237 820 2307 vterque
841 2220 1000 2309 nostrum
1025 2226 1122 2289 noxia
1165 2246 1291 2297 exvocc
1299 2245 1410 2313 graeca
1422 2232 1518 2297 knede
1531 2221 1564 2290 id
1578 2222 1634 2306 est,
1645 2243 1719 2309 par,
1727 2242 1903 2311 martyrem

385 2330 525 2397 quaeque
543 2310 745 2390 detruncans,
764 2310 860 2376 utilia
871 2310 1034 2376 transtulit
1046 2334 1060 2391 ,·
1079 2312 1124 2376 ad
1164 2309 1339 2403 quemdam
1363 2308 1563 2399 Xynoridem
1585 2310 1670 2378 fecit.
1737 2308 1899 2396 Legenda,

390 2395 589 2482 Theophilum
596 2415 642 2482 ep.
650 2397 842 2479 etthuae
851 2398 1027 2465 verbaeum
1047 2417 1122 2467 err.
1162 2421 1245 2489 quae
1257 2420 1272 2465 1
1283 2418 1377 2467 osu.
1391 2419 1530 2466 raveto
1540 2415 1554 2462 t
1564 2419 1598 2463 vs
1609 2398 1672 2465 hae
1691 2395 1731 2465 de
1744 2419 1779 2464 re
1792 2396 1900 2464 obser·

385 2504 483 2553 onte.
502 2502 688 2551 revertas
710 2484 879 2564 retulili'et,
899 2483 1044 2551 subiicit:
1063 2486 1117 2569 pio
1162 2506 1234 2567 nat,
1249 2488 1284 2551 in
1297 2485 1408 2550 iudicio
1421 2486 1458 2549 tle
1470 2484 1669 2568 controuersia
1678 2485 1771 2569 stepen
1786 2483 1897 2565 exseri.

383 2572 508 2659 quidem
521 2570 637 2656 cornilio
653 2618 664 2654 ‚
682 2572 733 2645 [td
739 2572 922 2655 periculofiee
934 2571 1017 2637 aleae
1027 2570 1117 2654 plene
1161 2574 1258 2641 lende
1272 2574 1373 2655 Parifi
1387 2572 1685 2659 ecclefiaemertyrolo
1706 2573 1749 2651 io,
1759 2588 1791 2656 p.
1800 2592 1829 2638 ι.

385 2657 539 2743 exemplos
559 2656 679 2744 qnodfi
687 2658 925 2745 quisftquutus,
941 2679 1009 2723 curn
1022 2660 1118 2723 inter·
1249 2661 1283 2705 *⁴¹
1303 2656 1483 2741 Redlehoe,
1497 2676 1534 2724 vt
1548 2659 1609 2725 dia
1623 2592 1745 2738 muftm
1757 2661 1823 2725 iam
1835 2657 1896 2725 ob·

378 2762 594 2833 pretemagere
608 2746 784 2833 instituerit,
797 2746 1019 2810 emendatorem
1029 2762 1116 2831 egat,
1160 2744 1298 2813 seruauit
1316 2765 1432 2813 toste.
1454 2764 1695 2827 ostentes,
1719 2741 1759 2813 de
1767 2746 1819 2829 esu
1832 2764 1893 2829 pe·

382 2836 451 2900 iam
464 2852 535 2899 sero
549 2834 595 2898 ad
606 2834 805 2917 interpretum
826 2830 984 2896 libidinem
1011 2838 1117 2899 omnia
1159 2852 1259 2915 rrum,
1273 2833 1326 2900 lib.
1340 2837 1365 2899 1.
1378 2851 1446 2918 cap.
1457 2835 1494 2899 V.
1505 2850 1538 2917 p.
1552 2854 1614 2916 149·
1637 2830 1739 2915 Qtod
1750 2852 1893 2917 namque

381 2938 524 2988 veterum
552 2933 748 2985 monumenta
768 2918 949 3006 affigentem
969 2914 1009 2984 de
1020 2920 1116 2985 inter·
1158 2919 1480 3006 inaliisseriptoribus
1493 2917 1659 2987 obseruare
1672 2920 1757 3000 licet,
1770 2934 1806 2983 vt
1818 2919 1892 3002 qui-

378 3022 496 3095 pretat.
511 3007 564 3073 lib.
581 3012 604 3072 1.
622 3026 656 3092 p.
670 3026 722 3071 rte.
779 3008 849 3073 lant
866 3000 906 3071 ad
922 3006 1113 3076 recentiores
1156 3008 1234 3073 liber
1246 3004 1315 3073 suas
1328 3007 1443 3075 habeat
1454 3004 1594 3093 phrases,
1607 3005 1680 3071 suos
1692 3002 1890 3085 idiotismus,

382 3094 406 3163 st
427 3090 577 3183 progredi
599 3095 779 3175 vellemus,
800 3094 913 3179 ingens
931 3090 963 3158 se
985 3090 1113 3163 offerret
1155 3090 1318 3161 interdum
1342 3114 1438 3161 voces
1465 3088 1621 3177 quasdam
1644 3089 1702 3159 stbi
1721 3092 1902 3179 propriam⁸

382 3184 595 3267 interpretum
604 3178 794 3263 multitudo,
803 3184 858 3267 qui
872 3178 928 3245 suo
943 3200 1013 3243 non
1028 3183 1112 3249 reste
1155 3179 1345 3246 idemetiam
1355 3177 1394 3248 de
1406 3180 1545 3265 patribus
1555 3178 1760 3247 censendum.
1784 3172 1886 3259 Quod

381 3268 484 3339 sunni
499 3263 699 3335 suntoffieio.
722 3270 774 3334 Sic
788 3283 926 3333 svsrsrr
944 3264 1112 3336 historiam
1155 3262 1374 3333 stetiaminter
1381 3266 1412 3334 st
1420 3269 1454 3335 in
1461 3264 1562 3333 modo
1579 3262 1750 3350 loquendi,
1766 3260 1885 3348 phrasi·

380 3353 616 3425 ecelesiasticam
632 3355 758 3422 saeculo
772 3352 998 3419 decimosexto
1012 3355 1111 3423 latine
1155 3375 1274 3440 umque
1286 3353 1363 3435 vsu,
1379 3355 1538 3421 &vocum
1551 3348 1792 3441 significatione,
1805 3370 1884 3415 con-

378 3438 1107 3530 interptetatuseslteotre.mvscvtvsitetum-
1150 3445 1283 3507 ueniant
1300 3463 1311 3515 ς
1340 3440 1481 3507 multum
1502 3456 1609 3506 tamen
1624 3442 1711 3505 iniis
1729 3436 1883 3505 omnibus

379 3552 444 3617 que
451 3527 566 3597 eodem
578 3527 703 3595 saeculo
715 3548 766 3593 to.
775 3544 1105 3597 cnutstoeuossortr·
1149 3526 1327 3593 differunta
1341 3528 1467 3613 reliquis
1480 3526 1684 3609 scriptoribus
1699 3528 1827 3613 graecis,
1844 3544 1881 3591 ac

378 3638 436 3695 vs,
448 3612 722 3683 cuiusverstonem
732 3612 810 3679 dum
824 3633 1104 3695 centaurorum,
1149 3616 1275 3689 latinis,
1297 3618 1401 3679 immo
1418 3613 1452 3680 de
1468 3613 1709 3678 arecentiorum
1722 3608 1879 3696 loquendi

376 3705 507 3792 linguae
521 3723 651 3791 graecae
663 3703 840 3787 imperitus,
855 3698 1005 3784 sequitur,
1019 3700 1104 3769 baud
1147 3703 1283 3767 ratione.
1329 3699 1381 3765 Ad
1389 3692 1478 3785 quod
1489 3700 1543 3785 qui
1560 3719 1629 3765 non
1643 3692 1791 3778 attendit,
1806 3718 1878 3765 non

376 3811 450 3859 rato
461 3810 722 3859 caecumaeaeco
735 3788 894 3854 inerroris
905 3784 1035 3854 foueam
1049 3792 1103 3855 ab·
1148 3786 1251 3874 potest
1266 3804 1333 3851 non
1347 3788 1521 3855 inillotum
1534 3787 1801 3873 interpretatione
1811 3798 1878 3846 tur-

373 3880 457 3963 ripi‚
480 3894 632 3941 estuvs
652 3890 914 3943 untrotxtvs
927 3871 1104 3960 aduocauit,
1148 3872 1434 3959 piterbullucinari.
1478 3878 1528 3942 Sic
1543 3867 1876 3940 vehementersallun·

361 3964 513 4053 scriptor.
532 3962 673 4029 triental.
685 3979 758 4029 tom.
769 3964 813 4027 11.
829 3977 862 4044 p.
876 3979 942 4043 730.
996 3962 1103 4031 Tanto
1147 3980 1198 4027 tur
1211 3961 1429 4044 romanenses,
1441 3960 1571 4047 quando
1579 4001 1591 4039 ,
1605 3962 1755 4025 metitum
1770 3960 1875 4022 bono·

373 4072 456 4123 vero
468 4050 640 4137 gratiorem
652 4044 924 4117 hancverstonem
937 4046 1026 4117 suiffe
1037 4071 1102 4119 ua·
1147 4069 1218 4113 runt
1226 4068 1362 4133 operum
1375 4049 1404 4115 se
1416 4049 1586 4126 inuenisse,
1600 4062 1731 4134 putant,
1746 4041 1876 4131 quoties

373 4158 517 4209 notato
548 4150 670 4225 quanto
678 4134 1043 4223 dogmatibustomanae
1053 4158 1103 4205 ee·
1144 4154 1260 4200 vocem
1275 4154 1406 4217 merere,
1426 4156 1482 4204 aur
1497 4154 1644 4215 emerere,
1664 4157 1681 4201 a
1706 4130 1751 4200 ud
1769 4144 1874 4219 patres

373 4222 484 4295 elesrae
494 4180 541 4295 ed
552 4221 858 4303 adcommodatior,
876 4224 1028 4310 exemplis
1042 4223 1102 4292 do·
1143 4220 1271 4309 legonti
1294 4242 1369 4289 eum
1376 4244 1412 4288 ea
1420 4221 1499 4291 nibil
1513 4220 1599 4289 aliud
1612 4154 1704 4309 apud
1706 4242 1761 4289 eos
1778 4216 1872 4299 figni-

372 4328 423 4382 eet
443 4334 562 4383 tonte.
581 4330 819 4391 onttrrts,
841 4306 882 4375 de
900 4310 1097 4464 Ήιιηηη,
1140 4302 1224 4387 ficet,
1239 4328 1338 4393 quant
1351 4312 1482 4395 nancissi
1494 4310 1546 4377 seu
1559 4312 1695 4396 consequi
1702 4334 1712 4387 l
1732 4325 1767 4375 vt
1781 4320 1871 4395 prae·

371 4395 900 4487 eil.1.cnp.l⁷.p.n4.quibusaliu
931 4418 947 4461 a
972 4394 1096 4464 hucad-
1139 4410 1187 4460 ter
1200 4396 1279 4461 alios
1301 4414 1412 4464 rsnc.
1437 4416 1696 4465 casevsonvs
1712 4394 1875 4469 obferunt·

370 4485 562 4557 ditruom.
581 4502 809 4557 tatrones,
826 4486 862 4547 in
871 4486 1008 4567 praefice.
1021 4486 1097 4567 fele.
1138 4482 1175 4545 in
1190 4486 1275 4547 notis
1288 4480 1330 4547 ad
1349 4503 1472 4553 artur
1499 4504 1732 4553 srttttaur
1750 4474 1869 4547 Adria-

367 4570 669 4659 Hiscapitib.biston
682 4567 776 4652 ecclefi
785 4568 995 4650 fiatnftcundi
1006 4592 1095 4656 prae·
1138 4590 1213 4632 num
1224 4570 1388 4652 caesarem,
1399 4590 1431 4656 p.
1439 4594 1481 4636 m.
1489 4592 1541 4655 40.
1586 4568 1779 4638 Cuiusmodi
1793 4572 1866 4633 lon-

366 4660 458 4729 milsa
472 4672 506 4740 ς.
517 4662 574 4724 111.
579 4678 611 4743 p.
619 4682 652 4739 4.
662 4675 785 4724 utut.
798 4674 846 4721 vn
857 4674 925 4721 trs
936 4677 950 4721 1
962 4671 1093 4741 escunt
1136 4674 1175 4742 ge
1187 4656 1325 4743 plurima
1340 4658 1427 4744 apud
1441 4681 1496 4726 eos
1511 4676 1695 4729 occurrunt.
1745 4650 1865 4733 Ecclefi·

351 4748 401 4825 ¹in
414 4747 543 4839 reliquis
556 4744 784 4837 interpretibus
802 4740 948 4833 hilariae
966 4745 1092 4831 scelesta·
1309 4742 1399 4815 Xxx
1421 4764 1440 4833 3
1771 4740 1866 4829 astice
