5259 5967
665 710 691 791 .'
749 700 813 765 ur:
835 697 1148 766 rurouoom
1168 641 1399 766 rustici
1423 698 1512 765 sav
1534 697 1873 767 ooounrtcn.
2021 716 2088 785 357

562 814 2078 838 *ww

562 862 651 913 one.
693 840 802 921 Quem
818 858 960 903 errorem
975 834 1125 923 deinceps
1145 839 1199 903 alii
1223 859 1304 923 quo·
1349 856 1434 917 turn,
1447 859 1546 922 quarn
1560 843 1593 903 in
1606 838 1848 925 posterioribus,
1863 862 1912 907 res
1931 842 1994 927 ipsa
2020 838 2082 907 do·

570 948 636 1015 que
653 926 882 998 intellexerunt,
899 926 1058 1009 aliamque
1074 923 1150 992 hinc
1166 925 1304 991 tractan-
1348 942 1407 991 cet.
1474 926 1597 992 Praeter
1617 929 1706 1005 alias,
1725 930 1824 995 etiam
1844 928 2078 997 controuersias

575 1013 823 1097 &theologiam
844 1006 969 1097 ingressi
986 1012 1060 1078 sunt
1079 1016 1176 1078 viam.
1220 1013 1301 1078 Lau·
1348 1034 1422 1077 cum
1438 1012 1789 1101 Arminimisattingite
1813 1018 1952 1083 maxime
1968 1032 2075 1083 autem

579 1101 626 1171 dat
639 1122 735 1187 porro
750 1120 1015 1165 conuiuatus
1027 1100 1203 1172 audiorem,
1211 1096 1301 1185 quod
1347 1118 1459 1165 contra
1481 1122 1534 1166 cr.
1551 1123 1728 1167 cnrrxrv
1742 1124 1783 1183 nr,
1798 1122 1996 1188 ceterosque,
2019 1106 2074 1187 qui

583 1210 645 1255 non
664 1186 800 1253 versetur
819 1188 855 1251 in
875 1188 930 1266 iis,
968 1208 1049 1272 quae
1068 1190 1173 1253 aliena
1190 1188 1299 1252 sirnca
1335 1188 1582 1274 [tocrttp‘larom
1598 1194 1731 1255 nomine
1745 1194 1889 1265 veniunt,
1900 1190 2076 1275 ‹parauisda·

585 1276 658 1340 iecra
672 1272 890 1348 institutione3
916 1273 1097 1339 cuiusmodi
1110 1275 1183 1339 sunt
1205 1294 1300 1357 quae·
1345 1293 1378 1339 ta
1391 1274 1560 1341 occiliune
1573 1298 1670 1361 quam
1686 1272 1832 1342 tirlillime
1848 1274 1994 1362 disputat.
2010 1280 2072 1342 lm·

590 1361 688 1429 stiones
702 1358 830 1439 dubiae,
848 1357 1000 1427 necdum
1021 1362 1090 1426 litis
1112 1360 1241 1436 decime,
1265 1360 1299 1427 &
1343 1382 1399 1427 nro
1417 1365 1522 1445 primo
1545 1381 1637 1428 tomo
1661 1364 1797 1429 subnexa
1823 1368 1940 1430 iterum
1962 1362 2005 1430 cst
2024 1366 2074 1429 tli-

589 1444 741 1515 fidemnon
749 1450 963 1533 attingentem
985 1448 1068 1515 redte
1077 1444 1216 1533 quidem,
1226 1470 1297 1513 mo-
1333 1448 1435 1533 grrffio
1449 1448 1520 1515 satu
1532 1450 1650 1535 ampla,
1658 1452 1694 1515 tlt
1708 1472 1790 1513 notra
1805 1449 1957 1538 theologia
1966 1452 2071 1515 Helm·

590 1534 623 1601 do
634 1558 698 1608 ¹non
710 1534 870 1621 quaedam
882 1557 944 1620 pro
960 1534 1117 1601 eiusmodi
1138 1534 1296 1619 quaestio·
1333 1536 1557 1623 stolio-Regio
1591 1554 1776 1602 ontanomm
1808 1536 2071 1625 syncretssamm,

590 1624 663 1689 nibus
674 1620 896 1703 venditentur,
931 1618 1097 1707 dequibus
1112 1618 1152 1687 ad
1164 1624 1296 1707 scriptu-
1341 1624 1463 1707 Georgii
1480 1558 1609 1705 eatuli,
1623 1625 1760 1711 conradi
1773 1626 1914 1705 Homeii,
1928 1624 2069 1691 Michae-

590 1711 733 1775 taesacrae
751 1707 884 1776 dudbum
899 1711 992 1773 aliter
1004 1710 1294 1793 pronuntiandum,
1339 1710 1376 1775 lis
1394 1708 1523 1789 rteomii,
1546 1708 1712 1797 Christiani
1736 1713 1871 1793 Drct'eri,
1892 1716 1939 1777 lo.
1959 1716 2069 1776 hater-

590 1796 686 1877 laudat‚
699 1795 789 1883 quod
804 1818 874 1861 non
893 1814 958 1861 tam
982 1793 1125 1875 diduci,
1159 1814 1192 1861 vt
1208 1796 1292 1861 inl'o-
1336 1799 1456 1871 monui,
1473 1820 1554 1881 quae
1570 1802 1635 1863 iarn
1650 1799 1858 1865 antealuccm
1871 1796 2067 1885 adspexerat.

589 1884 666 1949 lentes
680 1882 829 1969 magistri,
844 1905 925 1968 quac
947 1883 1071 1963 sentiat,
1095 1905 1193 1969 quam
1221 1904 1296 1969 pro.
1343 1882 1472 1950 istarum
1496 1889 1604 1971 itaque
1626 1883 1914 1952 controuctfiarum
1936 1883 2069 1952 adcura-

589 1970 629 2037 bet
640 1968 757 2037 idoneis
780 1972 982 2055 argumentis,
1006 1992 1088 2055 quae
1115 1973 1295 2056 complana
1340 1974 1414 2037 tiori
1430 1974 1610 2057 cognitioni
1628 1970 1726 2037 hocce
1735 1970 1862 2059 systema
1878 1970 2068 2040 mirificein-

591 2054 963 2143 fintmaximampartcm,
984 2076 1020 2122 vt
1051 2057 1134 2125 nihil
1159 2056 1293 2143 impedi·
1338 2058 1461 2123 seruiet.
1529 2062 1562 2123 ln
1584 2058 1647 2143 iplii
1667 2056 1854 2145 dogmatum
1875 2060 2067 2128 tractatione

589 2162 622 2225 ar,
639 2150 727 2211 etiarn
744 2148 885 2231 proponi
908 2147 1031 2229 pueris,
1057 2142 1147 2230 quod
1166 2161 1292 2209 tanturn
1338 2166 1538 2209 catovrvs
1561 2142 1708 2231 equidem
1722 2146 1860 2232 sequitur
1876 2146 2065 2213 methodum

589 2236 759 2299 nononrnia
777 2235 952 2297 muniuerit
974 2252 1011 2295 err
1031 2253 1128 2297 aureo
1151 2228 1288 2297 ecclelia·
1336 2230 1514 2311 cultibilem,
1541 2232 1592 2297 seu
1615 2231 2065 2315 Aristotelico-scholaliicam,

589 2313 661 2385 llicae
673 2321 960 2405 antiquitatisaeuo
969 2321 1076 2401 petitis
1093 2315 1292 2398 testimoniis,
1337 2321 1401 2383 iarn
1415 2336 1667 2402 transumptum
1689 2317 1730 2385 ad
1745 2323 1864 2407 reliqua
1878 2319 2064 2387 tarnenthe-

588 2404 672 2488 <quod
702 2426 872 2491 quousque
908 2404 1104 2470 iord-„indum
1121 2403 1170 2484 fit,
1200 2426 1292 2471 autea
1337 2406 1462 2491 ologiae
1479 2403 1680 2472 scholasticae
1699 2410 1776 2473 vitia
1795 2430 1865 2473 non
1885 2404 1966 2473 adeo
1984 2428 2061 2491 pro·

537 2537 540 2544 .
587 2491 637 2559 ianr
647 2494 863 2577 monuimuse)
876 2490 966 2577 quod
977 2490 1126 2557 ordinem
1139 2488 1292 2557 instruen-
1337 2492 1451 2577 pensus
1468 2488 1609 2576 est,quin
1628 2496 1735 2577 potius
1748 2493 1805 2559 scri
1830 2510 1918 2559 turae
1932 2494 2063 2577 vbique,

587 2573 611 2643 di
626 2578 810 2647 laudabilem
827 2578 986 2663 sequatur,
1002 2575 1122 2645 etiamst
1145 2601 1215 2643 non
1237 2602 1292 2645 eo·
1337 2576 1508 2664 quodiam
1525 2598 1620 2645 antea
1633 2584 1668 2645 in
1683 2600 1723 2645 eo
1744 2580 1797 2646 lau
1839 2582 1957 2659 uir-rius,
1970 2596 2060 2664 viget

586 2660 731 2735 demeum
752 2668 821 2732 aliis
841 2663 969 2731 incedat
988 2669 1125 2747 tramite,
1146 2668 1181 2733 ὅ(
1210 2688 1292 2751 quae
1337 2665 1569 2733 alletoritatem.
1613 2728 1615 2733 ,
1648 2668 1755 2732 ltnmo
1777 2662 1817 2741 de
1849 2666 1916 2751 ipsa
1933 2662 2061 2731 theolo-

584 2750 633 2819 uia
648 2754 715 2821 sunt
731 2751 874 2820 eiusdem
893 2756 1029 2839 generis.
1333 2756 1383 2838 gia
1399 2750 1580 2831 scholastica
1596 2774 1632 2817 err
1643 2750 1789 2820 instituto
1811 2748 1966 2833 differens,
1989 2774 2061 2819 non

633 2844 735 2917 scum
759 2840 865 2926 plures
885 2862 947 2906 cc.
971 2860 1168 2918 carim,
1192 2838 1289 2917 liciis,
1335 2858 1459 2903 tantum
1475 2840 1685 2917 ronnuicnscc,
1703 2841 1773 2925 plus
1789 2863 1886 2927 quam
1900 2838 1999 2921 decet,
2015 2844 2060 2907 ei·

580 2928 702 3007 quicum
717 2950 758 2995 eo
770 2926 1192 3011 faciebant,seoppol'ucrim
1200 2950 1211 3003 ,·
1226 2929 1289 3009 pri·
1333 2924 1406 2991 dem
1420 2927 1606 3004 tribuentes,
1619 2924 1672 2991 sed
1687 2930 1719 2995 dc
1737 2948 1786 2993 co
1796 2952 1819 2993 n
1829 2951 1860 2995 re.
1875 2948 2058 2995 uonutrvm

578 3028 653 3083 mum
665 3034 773 3081 tamen
786 3015 858 3093 fere,
873 3018 1113 3099 principemque
1133 3015 1217 3078 inter
1232 3034 1287 3077 eos
1331 3008 1546 3097 reprehendit,
1565 3012 1652 3098 quod
1673 3014 1758 3079 illius
1774 3012 1915 3083 studium
1934 3015 2059 3100 lingua-

577 3092 780 3176 loeum·tenet
802 3123 890 3167 aare.
918 3122 1138 3179 cauovrvs,
1161 3100 1283 3165 tlreolo-
1330 3122 1402 3165 rum
1417 3101 1621 3185 originalium
1632 3102 1775 3167 culturae
1789 3101 1979 3187 praetulerit.
1999 3102 2057 3167 Su-

576 3188 797 3277 gusquondam
808 3184 1068 3273 Wittcbergenfis
1091 3187 1186 3272 longe
1206 3188 1286 3251 cele·
1331 3208 1383 3250 nni
1399 3208 1474 3253 vero
1490 3184 1548 3251 hac
1560 3185 1600 3253 de
1610 3190 1694 3253 reita
1708 3183 1844 3255 declarat
1856 3187 2056 3255 sententiam:

579 3269 831 3356 lecturiremus
846 3295 968 3360 praeter
983 3276 1043 3339 alia
1058 3271 1168 3338 itidem
1178 3270 1284 3354 exstat,
1330 3274 1388 3337 Sed
1398 3296 1451 3337 noc
1465 3274 1575 3337 inutile
1594 3278 1741 3357 ctnftmus
1761 3277 1954 3339 moderarum
1965 3274 2057 3357 film-

555 3358 679 3445 Jyjltmt
694 3366 827 3429 locorum
840 3362 1086 3447 theologicorum,
1102 3382 1117 3422 e
1139 3381 1214 3423 ocra
1229 3380 1282 3443 po·
1328 3358 1501 3443 lasticorttm
1513 3359 1720 3445 theologorum
1725 3361 1874 3447 studium,
1895 3364 1934 3433 ὅ
1948 3362 2058 3447 impri-

570 3447 855 3533 tffmumscrptora
876 3452 914 3517 ὅ
932 3450 1131 3531 tutiquitate,
1150 3468 1202 3509 nec
1222 3470 1285 3509 uon
1327 3450 1385 3509 mis
1400 3449 1592 3511 arlcttratt'ori
1612 3446 1747 3533 theologo
1768 3450 1899 3514 multum
1917 3452 2054 3533 conferre

570 3538 806 3623 aduersariorum
816 3539 893 3617 confi
892 3533 995 3619 ffioor,
1011 3535 1195 3614 dolltiuam,
1208 3552 1285 3617 pra·
1327 3534 1509 3613 iudicamus,
1546 3535 1591 3597 ari
1609 3536 1814 3617 confutandas
1847 3538 1987 3619 ipfitsmtt
1995 3554 2057 3619 pa-

569 3626 627 3709 tio,
639 3623 1122 3709 &controutrfatrmoficlticom
1136 3636 1286 3701 verteram,
1326 3620 1476 3705 pistorum
1496 3618 1678 3705 apotome,
1698 3640 1766 3686 cum
1786 3625 1942 3703 amtttisss
1964 3621 2055 3706 coitfi-

570 3726 624 3779 tttm
638 3713 792 3797 imprimis
804 3706 1005 3773 relentiorum
1012 3708 1287 3791 pertraliationem
1329 3712 1413 3771 ciant
1427 3706 1790 3787 contracliliionilttscst.
1802 3727 1996 3793 nequaquam
2004 3722 2055 3790 ta-

569 3796 909 3867 leculmtamexhiltms.
953 3792 1090 3860 Constat
1114 3814 1151 3859 12
1174 3797 1284 3875 tontis,
1328 3796 1491 3857 meutanti
1505 3788 1634 3880 eamtffi
1651 3790 1851 3877 concedimus,
1865 3794 2057 3881 utfinefidtt'

568 3888 597 3953 in
614 3910 646 3971 4.
666 3906 809 4041 quorum
839 3886 961 3969 primus
988 3882 1206 3967 Witteberpac
1231 3904 1284 3945 un.
1327 3884 1495 3963 discrimine
1506 3882 1658 3946 contemni
1670 3897 1811 3967 nequeat,
1829 3899 1887 3946 aut
1906 3899 1944 3946 at
1962 3882 2056 3945 atlcu-

568 3976 658 4057 1655,
696 3969 882 4039 uodecimus
896 3970 947 4035 scu
957 3972 1089 4035 vicimus
1105 3966 1284 4033 ibideman.
1303 4021 1307 4027 .
1326 3971 1426 4031 ratior
1437 3967 1602 4054 theologii,
1615 3970 1701 4055 quod
1713 3970 1784 4035 vult
1803 3970 1968 4044 Hortarius,
1990 3969 2054 4031 tius

566 4066 646 4145 1677
661 4057 792 4148 prodiit.
837 4054 1048 4123 Laudandum
1068 4061 1103 4121 in
1125 4077 1166 4121 co
1186 4057 1283 4119 maru-
1328 4056 1442 4119 notitia
1457 4076 1560 4119 carcre
1572 4077 1634 4119 nott
1643 4054 1746 4139 pofflt5
1767 4077 1823 4121 nec
1834 4056 2053 4137 ollattnutfor-

561 4170 705 4236 mopere,
723 4144 813 4232 quod
833 4146 998 4229 scripturae
1019 4146 1207 4228 cumprimis
1228 4140 1286 4207 ha·
1328 4164 1412 4205 onam
1428 4142 1552 4229 rlortntlt'
1569 4164 1607 4205 ac
1626 4144 1800 4227 disputandi
1809 4142 2056 4229 scholasticorum

560 4238 665 4305 buerit
684 4238 860 4312 rationem,
897 4232 931 4299 dt
946 4235 981 4298 in
996 4234 1062 4298 eius
1082 4226 1286 4307 testimoniis,
1324 4230 1458 4315 probare
1468 4229 1631 4315 poffimus,
1639 4228 2056 4315 prassrtiminstquioribus

558 4346 640 4412 quae
655 4346 708 4391 rna
730 4344 776 4388 no
792 4342 929 4386 numero
942 4317 1084 4399 adducit,
1092 4339 1190 4382 omne
1198 4314 1283 4393 caefi
1328 4318 1493 4398 aetatibus,
1508 4321 1582 4401 qaia
1602 4316 1701 4383 multa
1720 4318 1754 4383 in
1773 4318 1835 4383 illis
1854 4319 1961 4383 merito
1983 4316 2055 4400 defi-

557 4413 609 4478 sae
624 4344 812 4497 praeldium
830 4410 1052 4481 collocaueritt
1073 4408 1289 4491 quamuisnec
1328 4406 1433 4468 dotari
1447 4409 1610 4489 cenfi'mtts,
1622 4404 1738 4493 system.
1753 4404 1846 4470 theol.
1859 4422 1933 4469 tom.
1949 4409 2056 4489 Lpro·

556 4516 687 4587 patrum
699 4498 840 4584 negligat
852 4495 1050 4573 consentiam,
1073 4497 1151 4578 quin
1174 4495 1282 4577 potius
1327 4493 1436 4578 lagom
1448 4492 1559 4579 quaest.
1573 4498 1641 4559 XV.
1652 4512 1686 4580 p.
1699 4495 1748 4573 76.
1762 4514 1813 4579 77.
1858 4490 2053 4578 Ediditquo-

555 4608 673 4657 eorum
687 4584 781 4651 effata
794 4581 848 4648 dili
871 4582 1005 4647 enter&
1019 4578 1148 4666 copiose
1167 4585 1201 4646 in
1221 4576 1285 4645 sm-
1326 4601 1389 4664 que
1403 4576 1487 4645 idern
1504 4601 1661 4646 carovrvs
1676 4580 1860 4667 theologiam
1877 4578 2053 4665 posttiuam,

552 4675 637 4765 gulis
650 4671 806 4756 capitibus
827 4604 958 4737 adfectat.
1002 4670 1040 4732 In
1061 4669 1218 4752 prioribus
1239 4684 1284 4728 ta·
1322 4666 1592 4754 perdrfioitimes,
1607 4667 1987 4759 transsumptionem
2001 4668 2051 4761 dij

551 4784 634 4833 men
651 4761 752 4827 tornis
769 4760 886 4825 maiori
900 4778 976 4826 eum
995 4754 1158 4841 diligentia
1183 4750 1286 4821 vecla·
1435 4754 1550 4841 Yy3
1935 4752 2057 4839 pinon.
