5259 5967
405 682 767 846 Quis,
789 680 942 808 ortum
963 715 1253 789 nenorosus
1296 716 1481 787 rnnrvs
1503 718 1816 790 couniuntur.
1882 736 1924 807 ες

400 862 536 962 hilque
549 884 691 951 eontm,
708 884 801 961 quae
814 860 862 937 de
876 862 939 937 illo
953 860 1045 937 scitu
1062 860 1251 936 necellirie
1265 858 1360 951 lirnt,
1376 862 1556 943 omiserim
1574 863 1596 935 li
1618 864 1731 935 solide
1748 868 1838 939 iliud
1853 888 1924 939 tra-

402 956 569 1049 uenerit,
584 958 660 1033 hoc
673 959 736 1049 est,
751 958 773 1033 sr
787 960 883 1037 circa
895 958 1122 1063 principia&
1135 956 1375 1033 fundamenta
1390 959 1458 1033 rite
1477 958 1732 1035 constituenda
1748 958 1922 1037 sollicitus

402 1057 536 1163 potius
564 1054 678 1131 suerit
728 1083 810 1132 tram
829 1058 925 1134 circu
944 1084 1009 1151 ea,
1050 1082 1143 1169 quae
1171 1056 1367 1132 curiositati
1387 1056 1584 1133 hominum
1613 1056 1922 1143 blandiuntur;li

401 1149 581 1253 ἄλλο’τριω
595 1178 678 1229 non
693 1082 931 1249 aidiniscuerit,
945 1156 983 1233 ἃ
998 1182 1016 1231 a
1030 1154 1326 1255 digrellionibus,
1342 1154 1435 1229 nihil
1458 1155 1501 1230 td
1527 1180 1605 1229 rem
1627 1154 1864 1249 facientibus,
1885 1154 1924 1233 se

403 1253 644 1337 abstinuerim
663 1250 688 1329 sr
709 1252 871 1355 denique
892 1252 1102 1357 perspicue,
1115 1252 1153 1329 dc
1166 1251 1343 1330 sermonis
1368 1278 1503 1353 genere
1531 1279 1645 1355 pur0,
1667 1276 1848 1354 quantum
1862 1280 1920 1333 res

402 1348 485 1455 ipse
497 1348 691 1453 permittit,
707 1350 745 1427 δι
758 1352 933 1452 eleganti,
949 1352 1077 1429 cuneis
1097 1349 1343 1455 proposuerit.
1371 1357 1410 1391 ⁴*
1835 1386 1840 1395 ’

498 1479 515 1516 *
533 1479 622 1541 Vtin
636 1478 705 1541 aliis
714 1479 823 1557 rebus,
841 1481 883 1543 ira
897 1480 931 1541 'in
946 1477 1071 1543 iudiciis
1085 1477 1146 1541 sois
1191 1475 1272 1541 ilicis
1286 1481 1330 1541 ita
1344 1476 1521 1555 inhaerent,
1535 1492 1569 1541 ut
1583 1474 1834 1564 indiguerimus
1849 1478 1920 1562 quis

405 1568 453 1636 de
478 1566 564 1631 libris
590 1566 772 1649 scriptisque
790 1564 950 1643 aliorum,
973 1558 1147 1649 saepissime
1190 1569 1313 1629 exotica
1329 1562 1445 1628 laudet.
1490 1566 1594 1648 Atque
1617 1562 1693 1630 haec
1706 1563 1836 1650 quidem
1845 1566 1919 1628 nli-a-

405 1656 566 1721 falluntur
584 1651 746 1716 mortales.
811 1650 964 1718 Adl'edlus
986 1649 1146 1716 hiemini·
1189 1672 1253 1736 que
1270 1646 1443 1735 saepillime
1462 1653 1496 1714 in
1511 1670 1648 1717 errorem
1670 1672 1730 1715 nos
1755 1649 1921 1729 inducunt,

403 1762 470 1808 me
486 1743 521 1804 in
534 1734 703 1803 consilium
722 1734 933 1817 adhibendos,
953 1740 1086 1823 quilibet
1101 1736 1147 1800 sa·
1189 1735 1451 1823 impediuntque,
1467 1759 1534 1822 quo
1555 1741 1661 1803 minus
1674 1735 1713 1803 de
1726 1759 1803 1803 vero
1814 1741 1920 1803 cuius-

405 1828 478 1896 cile
490 1827 646 1912 perspicit.
703 1826 835 1891 Interim
846 1825 928 1891 nihil
941 1825 1145 1911 liequentius,
1189 1846 1252 1909 que
1267 1825 1339 1889 libri
1356 1827 1459 1909 pretio
1475 1827 1549 1904 rite,
1565 1825 1599 1890 &
1616 1841 1651 1888 vt
1664 1821 1769 1905 decer,
1791 1822 1922 1889 statuere

406 1930 557 2001 quamvt
570 1908 736 1976 laudemus
753 1910 866 1998 scripta
884 1914 925 1976 ab
943 1908 1146 1996 iisprol'eda,
1188 1932 1352 1995 queamus.
1419 1912 1504 1975 Cum
1526 1914 1637 1994 primis
1665 1912 1815 1976 nonnulli
1838 1906 1921 1975 iudi·

407 2004 532 2089 quibus
556 2000 638 2064 bene
667 1999 839 2083 cupimus,
862 2000 898 2065 dc
916 2002 1145 2084 vituperemus,
1189 2002 1229 2062 cii
1250 1999 1501 2062 imbecillitatem
1522 1994 1683 2081 produnt,
1700 1996 1777 2062 dum
1794 2019 1831 2062 ex
1844 1998 1921 2061 rari·

436 2110 500 2155 uae
515 2090 609 2163 viros,
626 2086 719 2149 nobis
738 2086 1032 2165 inuisos,auslores
1047 2080 1146 2167 a'gno·
1190 2100 1255 2148 tate
1269 2084 1484 2168 pretiumIIbri
1498 2082 1677 2149 aestimant.
1726 2086 1921 2149 Neevnara-
2017 2098 2019 2102 ’

407 2114 520 2243 aunt.
540 2220 543 2224 -
563 2174 602 2236 ln
610 2174 702 2236 omni
711 2168 840 2271 quidem
848 2174 1024 2237 litterarum
1037 2186 1150 2256 genere
1193 2174 1283 2237 tione
1302 2168 1354 2234 hic
1373 2169 1440 2235 deci
1464 2174 1574 2235 iuntur
1598 2170 1760 2235 mortales.
1824 2173 1923 2255 Saepe

412 2264 489 2329 hoc
502 2258 694 2344 conspiciasa
712 2259 863 2325 sollemne
878 2275 987 2324 tunen
1003 2257 1151 2340 &quoti-
1194 2262 1281 2324 enim
1295 2258 1367 2321 libri
1381 2192 1512 2341 quidam
1525 2278 1585 2343 pro
1599 2260 1674 2323 raris
1689 2255 1854 2337 habentur,
1865 2256 1920 2341 qui

415 2346 630 2416 dianumsere
651 2342 695 2411 ell
715 2347 797 2410 inter
811 2345 1000 2431 theologos,
1024 2338 1151 2408 diuersis
1195 2362 1303 2410 tamen
1313 2347 1499 2429 neutiquam
1510 2347 1571 2409 rari
1585 2344 1669 2408 srmt.
1713 2344 1866 2410 Plurimas
1879 2342 1922 2409 sa·

410 2432 712 2517 dissidentibusquc,
728 2430 1151 2519 circadogmatalitcra,par-
1195 2453 1235 2496 ne
1253 2428 1460 2495 bibliothecas
1483 2431 1518 2497 dc
1543 2431 1732 2513 bibliopolia
1756 2452 1833 2497 eum
1854 2450 1922 2515 per·

410 2523 505 2591 tibus
516 2515 672 2585 addidios.
715 2518 813 2597 Hinc,
829 2514 1152 2584 raroadmodutnro-
1195 2514 1343 2595 lusitasse,
1358 2514 1613 2600 necesseell,qui,
1622 2518 1740 2582 librum
1751 2516 1923 2603 quemdam
1956 2554 1959 2561 ·

412 2604 621 2677 manensrbus
641 2608 770 2692 probari
790 2601 896 2671 videas
911 2606 1025 2681 libros,
1043 2625 1060 2667 a
1077 2622 1152 2685 pro·
1194 2624 1303 2669 ratum
1315 2601 1386 2679 elle,
1402 2606 1610 2687 pronuntiare
1622 2601 1727 2668 audet.
1786 2600 1922 2682 Deinde,

410 2694 606 2765 testantibus
623 2692 802 2777 prol'eslos,
817 2693 1026 2777 quantumuis
1038 2689 1154 2835 egrepii
1197 2690 1219 2757 li
1235 2692 1344 2758 &rari
1357 2689 1437 2767 sunt,
1453 2685 1527 2753 ideo
1540 2708 1607 2753 non
1622 2688 1726 2756 statim
1741 2692 1849 2768 eriles,
1869 2706 1925 2755 aut

418 2782 507 2858 smt,
526 2780 680 2865 longeque
703 2772 964 2864 praestantiffimi.
1014 2777 1052 2839 ln
1066 2794 1153 2858 epae·
1195 2776 1295 2863 digni,
1310 2776 1392 2860 quil
1433 2790 1536 2841 antur.
1591 2778 1690 2861 Saepe
1704 2772 1927 2843 libriatheisti·

418 2866 590 2937 merrdibus
601 2866 790 2929 eruditorum
805 2863 1018 3014 Raqffitnstbus
1032 2863 1153 2929 &mm-
1197 2867 1244 2942 ci,
1259 2865 1391 2948 magici,
1411 2862 1575 2949 rmilesque
1587 2866 1670 2929 inter
1688 2884 1775 2933 ratus
1788 2862 1926 2931 referun-

418 2953 584 3023 mentariis
601 2948 848 3035 Tar-crtaltienfiius
869 2948 1154 3035 acileexemplain·
1197 2968 1260 3028 tur,
1275 2944 1394 3016 &ideo
1408 2951 1442 3016 in
1455 2952 1559 3035 pretio
1574 2949 1664 3031 sunt,
1677 2954 1753 3037 quia
1766 2954 1826 3017 rari
1841 2950 1925 3031 sunt,

418 3042 545 3111 uenias.
590 3036 679 3105 Idem
695 3034 734 3105 de
750 3038 972 3123 praeimucatis
982 3029 1155 3101 dicendum
1198 3057 1279 3188 quos
1294 3052 1498 3101 contemnere
1519 3038 1644 3122 potius,
1667 3035 1763 3105 &ad
1784 3055 1927 3104 aeternas

418 3125 629 3213 opinionibus,
648 3145 730 3210 quae
740 3141 847 3189 tamen
858 3124 1045 3211 plerumque
1058 3115 1155 3186 exad-
1222 3142 1351 3187 arnume
1366 3122 1536 3209 oportebat
1544 3126 1697 3189 tenebras.
1742 3121 1927 3190 Ridiculum

417 3214 556 3283 festibus
590 3214 751 3297 originem
780 3208 912 3276 ducunt.
979 3208 1156 3273 Probantut
1198 3211 1339 3275 omnino
1352 3210 1406 3287 est,
1422 3204 1501 3275 liob
1515 3208 1613 3275 solam
1626 3214 1787 3277 raritatem
1797 3206 1928 3277 lauden·

419 3302 547 3387 saepius
566 3294 799 3383 hudanturque
817 3298 889 3361 libri
910 3316 979 3361 non
997 3297 1094 3361 aliam
1111 3292 1155 3356 ob
1199 3316 1254 3363 tur
1266 3295 1356 3375 libri,
1375 3299 1410 3361 in
1439 3295 1554 3379 quibus
1574 3294 1655 3363 nihil
1674 3301 1814 3364 omnino
1835 3292 1929 3363 laude

419 3385 576 3465 mulsam,
593 3404 693 3470 quarn
706 3381 794 3469 quod
808 3404 921 3449 eorum
935 3382 1079 3449 moeres
1091 3382 1158 3445 iam
1200 3382 1493 3468 dignumoceurrit.
1515 3384 1599 3462 Scio,
1614 3406 1734 3452 utcu.
1756 3404 1930 3467 stavunt

423 3476 504 3543 alias
518 3492 673 3559 magnam
689 3473 833 3536 nominis
858 3471 1073 3536 celebritatem
1101 3486 1158 3531 au·
1201 3490 1284 3554 opus
1303 3467 1344 3539 de
1364 3469 1519 3532 emtoribus
1545 3472 1701 3537 trinitatis
1723 3477 1808 3539 inter
1831 3472 1932 3539 libros

427 3560 674 3643 &oritatemque
695 3556 766 3622 sunt
783 3556 996 3641 consequuti,
1018 3571 1158 3639 quorum
1202 3559 1334 3622 rariores
1353 3553 1478 3632 referri,
1503 3551 1642 3639 ideoque
1659 3579 1814 3643 magnum
1827 3582 1846 3624 a
1859 3561 1931 3645 qui-

422 3666 510 3717 vero.
520 3646 664 3713 auctores
678 3643 802 3713 obscuri
817 3643 899 3723 sunt,
910 3660 966 3709 aut
978 3642 1094 3706 nullius
1103 3660 1158 3704 au·
1201 3638 1336 3708 busdam
1347 3640 1393 3706 illi
1407 3636 1499 3705 slatui
1519 3645 1670 3726 pretium.
1713 3645 1827 3709 Mirari
1839 3642 1873 3710 id
1888 3642 1933 3710 sa·

424 3735 602 3817 (totitatis,
617 3734 879 3810 contemnuntur,
897 3730 931 3795 ἀ
947 3725 1159 3795 tillidiuntur.
1203 3732 1242 3795 tis
1257 3749 1326 3793 non
1340 3728 1451 3813 potui,
1474 3748 1548 3792 tum
1567 3727 1698 3814 ipsemet
1710 3727 1804 3796 istum
1816 3731 1936 3796 librum

422 3826 464 3889 Si
476 3824 545 3905 quis
557 3814 928 3906 principisgratiafloret,
940 3830 1161 3900 quaecumque
1201 3818 1351 3901 legerem.
1366 3834 1433 3879 non
1457 3831 1523 3879 tam
1545 3816 1588 3880 ob
1608 3818 1708 3901 impia
1726 3813 1881 3903 dogmata
1900 3816 1936 3883 dc

428 3911 474 3974 in
487 3908 590 3969 lucem
602 3906 732 3990 profert,
746 3900 852 3969 statim
865 3906 900 3968 in
912 3902 1037 3969 eaelum
1059 3895 1159 3965 laudi·
1202 3910 1332 3973 nuatum
1346 3898 1577 3982 detestandum,
1587 3924 1684 3988 quam
1691 3904 1742 3971 vel
1750 3902 1814 3968 hoc
1827 3902 1936 3989 nomi·-¹

428 3997 497 4061 bus
511 3992 718 4065 extollunturr
736 4011 817 4077 quae
830 3992 883 4056 virt
900 3988 1052 4055 ledorem
1070 3990 1160 4052 inue-
1204 4008 1245 4052 ne
1262 3984 1527 4073 vilipendendum
1539 3988 1663 4075 prorsus
1678 4013 1715 4055 ac
1729 4005 1939 4071 contemnet,

429 4081 555 4155 nitent,
569 4074 591 4143 sr
606 4078 664 4143 alia
675 4077 814 4144 austoris
829 4076 902 4143 esset
915 4072 1071 4142 conditio.
1092 4070 1161 4137 Ali·
1206 4070 1302 4154 dum,
1319 4072 1408 4160 quod
1418 4071 1499 4139 nihil
1511 4079 1545 4140 in
1558 4075 1718 4143 eoeruditi
1734 4074 1877 4144 hominis
1889 4079 1939 4145 in·

428 4172 462 4235 is
477 4165 581 4230 rursus
594 4179 716 4230 tantum
728 4164 948 4230 veterumlibri
961 4162 1096 4249 placent,
1107 4158 1162 4223 ali-
1206 4162 1303 4313 genio
1329 4160 1461 4247 dignum
1480 4180 1636 4228 occurrat.
1686 4160 1747 4231 Sed
1773 4165 1864 4252 plura
1881 4164 1941 4253 ,qui

427 4259 460 4324 is
477 4252 813 4339 recentiorum3prout
825 4267 881 4316 aut
890 4250 1099 4335 antiquitatis,
1109 4258 1164 4310 aut
1232 4251 1391 4314 eraritate
1404 4249 1559 4314 librorum
1579 4248 1653 4316 scire
1675 4269 1765 4333 auet,
1778 4249 1871 4319 adeat
1888 4252 1944 4319 ob·

429 4340 589 4408 nouitatis
604 4338 654 4403 vel
665 4336 873 4404 admiratores
887 4336 969 4415 sunt,
983 4336 1035 4401 vel
1049 4334 1166 4399 osores.
1200 4336 1409 4417 struationem
1423 4340 1509 4399 VIII.
1526 4338 1564 4406 δ’
1578 4340 1632 4401 IX.
1642 4340 1676 4402 in
1695 4342 1777 4405 to'mo
1790 4344 1830 4407 t.
1844 4334 1944 4423 obstr-'-

433 4430 518 4493 Sunt
536 4445 662 4512 porro,
690 4426 806 4510 quibus
837 4420 1010 4491 domestica
1031 4418 1167 4497 sordent,
1211 4423 1373 4485 nationum
1392 4422 1504 4486 Idtllen
1516 4444 1606 4503 tunt,
1630 4445 1712 4511 quae
1730 4449 1810 4495 tac.
1836 4432 1945 4495 reto.

435 4534 513 4579 cum
526 4514 658 4579 exoticis
669 4506 873 4587 delcdlentur,
886 4506 1168 4595 nihilqueillispla-
1216 4508 1696 4578 rrrnnranvuauuorem
1719 4514 1887 4603 agnoscere
1898 4510 1947 4579 di·

432 4618 517 4681 ceat,
532 4598 590 4667 nili
603 4594 695 4685 quod
707 4598 803 4676 Galli,
819 4614 874 4660 aut
897 4598 983 4677 Itali,
999 4616 1055 4661 aut
1074 4594 1172 4681 Angli
1218 4614 1353 4669 cuntur,
1370 4596 1403 4662 &
1418 4616 1469 4660 ro.
1489 4617 1737 4667 cnarsrorn.
1750 4625 1845 4668 wau
1857 4624 1876 4666 n
1887 4620 1948 4665 uu-

433 4692 678 4779 excogitarunt,
699 4680 973 4775 quemadmodum
990 4684 1044 4753 alii
1058 4679 1170 4758 dome·
1215 4682 1564 4840 nidifflqrt.1rionrn5,dt
1576 4689 1674 4758 variis
1689 4691 1836 4759 raritatis
1854 4686 1948 4751 libro-

1361 4786 1380 4838 2
1876 4780 1948 4837 rim!
