5259 5967
793 688 858 761 DE
881 684 1422 765 rRoPAEDEvMAvas
1445 694 1817 767 THEOLOGICIS.
2017 707 2085 787 287

555 788 2075 823 m———m

550 828 702 895 tetiuilis
723 829 821 893 etiarn
834 828 964 912 politica
983 832 1093 895 vocari
1114 830 1213 907 soleta
1235 853 1291 897 cu·
1424 836 1532 919 Atque
1546 833 1587 902 ad
1607 858 1662 907 eos
1684 836 1816 924 quidem
1833 838 1925 925 quod
1942 844 2071 923 attinet,

552 914 602 1013 ius
617 928 732 981 tamen
754 917 898 979 nominis
915 917 1021 982 variae
1044 915 1116 982 sunt
1136 912 1290 1003 fignifica-
1335 922 1391 1007 qui
1407 919 1509 987 facem
1523 920 1575 988 hic
1590 925 1684 990 nobis
1698 923 1897 1009 praeferunt,
1916 928 2070 1013 cumple-

553 1016 680 1081 trones,
704 1020 784 1151 ἓως
807 1020 935 1068 uenat.
966 1022 1227 1070 conuiuatus
1241 1027 1288 1071 re·
1334 1010 1425 1091 rique
1437 1006 1471 1074 id
1488 1028 1602 1095 agant,
1617 1030 1651 1076 vt
1660 1014 1790 1092 omnia,
1807 1034 1889 1098 quae
1896 1014 2068 1097 politicum

555 1086 663 1155 censet
669 1110 700 1187 ⁵.
725 1088 925 1172 eprudentia
947 1088 1033 1155 ciuili
1054 1110 1079 1155 c.
1105 1094 1131 1155 1.
1152 1093 1191 1161 εἴ
1204 1093 1288 1176 ftqq.
1332 1092 1409 1160 scire
1421 1114 1570 1180 oportet,
1585 1098 1636 1164 vel
1650 1118 1730 1183 quae
1745 1095 1820 1164 huic
1828 1098 2067 1185 lludiorumge·

556 1170 615 1241 Sed
637 1172 824 1260 &ipsemet
845 1196 895 1241 eas
921 1179 1064 1242 enarraui
1093 1178 1127 1241 in
1152 1178 1288 1245 clement.
1332 1182 1400 1246 neri
1415 1181 1583 1265 inseruire,
1606 1202 1780 1269 utcumque
1794 1185 1941 1271 possunt,
1959 1183 2066 1252 edisse·

553 1260 869 1413 pbilofisrallpart.
883 1266 943 1329 ΙΙΙ.
959 1285 983 1329 c.
999 1268 1025 1329 1.
1043 1275 1078 1343 5.
1095 1268 1150 1329 VI.
1166 1266 1205 1334 ὅ
1220 1268 1290 1330 Vll.
1334 1283 1406 1333 rant
1413 1292 1424 1346 5
1447 1273 1566 1334 mirum
1584 1292 1653 1335 non
1666 1268 1726 1351 est,
1742 1269 1831 1357 quod
1844 1294 1914 1338 non
1937 1288 2066 1338 tantum

558 1346 657 1431 Quia
680 1365 791 1414 curate
802 1347 995 1435 loquuntur,
1018 1351 1054 1417 dc
1067 1372 1199 1415 omnem
1212 1373 1291 1417 con·
1334 1351 1527 1435 discrimen,
1578 1354 1644 1421 uod
1663 1375 1757 1423 antea
1778 1359 1964 1443 posuimus,
1995 1379 2066 1425 non

557 1432 718 1501 fusionem
729 1434 849 1502 euitare
860 1436 992 1517 volunt,
1006 1436 1291 1505 hocnouiineeam
1336 1378 1911 1531 obseruent,sedmultaaliaquoque,
1927 1466 2009 1531 quae
2025 1440 2067 1510 ad

558 1522 743 1675 intell‘ffunt
756 1518 979 1609 philosophiae
993 1524 1289 1610 pradicaepattem
1334 1528 1435 1613 ipsam
1451 1526 1653 1613 prudentiam
1669 1531 1798 1597 ciuilem
1810 1554 1881 1597 non
1902 1530 2064 1617 spedant,

561 1620 639 1696 quae
678 1624 769 1675 atum
781 1611 992 1695 reipublicae,
1016 1629 1071 1676 aut
1090 1610 1291 1677 summorum
1334 1615 1453 1699 scriptis
1469 1616 1530 1682 suis
1546 1616 1808 1703 compledlantur.
1832 1619 1990 1703 Exemplo
2006 1616 2065 1684 elle

561 1698 807 1782 inperantium,
832 1698 882 1764 vel
897 1700 994 1764 etiam
1016 1719 1148 1779 eornm,
1171 1702 1226 1786 qni
1242 1721 1290 1765 ree
1333 1700 1435 1787 potest
1459 1723 1577 1769 ouon.
1614 1724 1801 1770 Navnnel
1837 1703 2066 1790 bibliographia

561 1784 667 1851 ciuiles
692 1780 931 1863 adrrtinislrant‚
970 1783 1143 1852 secundum
1167 1786 1288 1871 regulas
1326 1790 1474 1874 politica,
1492 1789 1575 1855 ledlu
1597 1787 1726 1875 quidem
1749 1790 1792 1855 ob
1813 1812 1860 1857 res
1877 1792 2067 1875 praeclarae,

560 1867 747 1959 prudentiae
765 1871 824 1938 rite
844 1872 1030 1938 conseruare
1046 1870 1152 1938 docet.
1196 1870 1289 1939 Vnde
1333 1875 1366 1941 &
1386 1878 1549 1941 variorum
1569 1876 1757 1955 audiorum,
1796 1899 1855 1943 uos
1873 1874 2066 1963 suppeditat,

561 1974 663 2047 patet,
683 1954 774 2045 quod
786 1980 839 2039 ea,
854 1980 935 2045 quae
948 1955 987 2025 de
1007 1962 1236 2045 imperantium
1254 1962 1288 2027 dt
1332 1964 1501 2043 notitiam,
1528 1958 1723 2049 digniffimae
1745 1898 1796 2029 sed
1810 1968 1920 2049 inqua
1942 1984 2067 2046 tramis

560 2048 682 2113 ciuium
697 2040 826 2127 officiis,
849 2043 889 2111 ad
903 2042 984 2131 leges
1004 2044 1130 2113 diuinas
1150 2045 1287 2133 dirigen·
1332 2046 1481 2127 subinde,
1503 2049 1538 2116 dc
1558 2046 1598 2115 ad
1622 2048 1826 2135 prudentiam
1849 2050 1977 2116 ciuilem
1993 2066 2064 2111 iton

562 2130 625 2215 dis,
642 2134 900 2221 praecipiuntur,
924 2134 1046 2220 &quae
1060 2132 1289 2199 aliasunteius-
1332 2136 1680 2221 speltantia,trndlari,
1712 2138 1788 2203 viris
1808 2134 1911 2205 doctis
1939 2130 2065 2202 dudum

562 2216 635 2287 dean
655 2222 796 2307 generis,
818 2216 859 2285 ad
881 2218 1161 2307 iurisprudentiam
1178 2222 1287 2306 potius
1332 2221 1536 2287 obseruatum
1557 2220 1610 2288 est.
1655 2226 1783 2309 Saepius
1808 2221 1852 2290 est
1879 2219 1975 2290 edita.
2026 2220 2065 2285 Ira

560 2310 759 2387 naturalem,
779 2327 878 2392 quam
890 2307 1073 2392 politicam,
1090 2304 1289 2393 seupruden·
1332 2308 1507 2375 Germania
1530 2312 1764 2394 primumcum
1787 2312 1923 2395 eleganti
1944 2303 2066 2395 praesa·

559 2399 637 2464 tiam
653 2392 1059 2473 ciuilemreferendafint.
1104 2390 1288 2473 Qrodcum
1333 2398 1423 2461 tione
1446 2416 1517 2461 eam
1538 2393 1645 2461 recudi
1671 2400 1794 2461 curauit
1822 2418 1915 2461 nvo.
1939 2414 2066 2460 uven-

560 2504 629 2551 non
642 2502 758 2547 omnes
771 2480 957 2560 obsetuent,
979 2484 1060 2547 mire
1074 2482 1190 2547 cunni
1205 2484 1289 2545 inter
1333 2503 1479 2560 utuvs,
1504 2482 1640 2548 Witteb.
1665 2486 1760 2563 1640.
1804 2482 1894 2546 Hinc
1909 2502 2006 2559 vero,
2028 2493 2064 2543 vt

558 2567 754 2648 semiscent,
775 2586 872 2652 atque
885 2564 1098 2634 confundunt.
1141 2566 1230 2633 Idem
1243 2563 1289 2631 di·
1334 2568 1409 2634 alias
1425 2565 1581 2634 editiones
1596 2571 1815 2649 mittam,cum
1829 2587 1937 2632 casu.
1961 2584 2068 2631 scior-

559 2654 701 2725 eendum
721 2652 761 2721 de
783 2676 820 2720 ea
840 2651 1006 2735 dodirina,
1032 2675 1114 2740 quae
1131 2657 1292 2741 originem
1334 2676 1377 2721 uu
1386 2656 1501 2739 paedia
1509 2654 1665 2738 politices,
1679 2655 1714 2721 &
1727 2654 1796 2720 aliis
1811 2651 1951 2721 eiusdem
1974 2672 2068 2737 argu-

558 2768 600 2813 ac
611 2740 802 2811 uncturam
816 2762 922 2806 terum
930 2742 1131 2826 publicarum
1139 2740 1291 2826 explicate
1334 2743 1432 2807 menti
1448 2740 1587 2825 scriptis,
1602 2761 1676 2806 cura
1690 2764 1740 2807 ur.
1751 2762 1817 2808 uu.
1832 2759 1994 2806 conatu
2005 2754 2069 2802 οη

557 2852 659 2921 quam
669 2830 745 2896 licet
759 2825 1053 2913 prudentiaeciuilis
1068 2825 1291 2915 magistersup·
1334 2825 1454 2914 prodiit
1481 2826 1678 2894 francofurti
1705 2832 1798 2910 1673,
1820 2847 1870 2895 12.
1904 2822 2014 2893 Pollea
2031 2822 2068 2889 dt

558 2933 683 3009 ponat,
704 2917 820 2983 redlius
842 2933 970 2994 tamen,
993 2931 1049 2980 aut
1071 2913 1177 2980 saltem
1192 2934 1290 2999 atque
1333 2936 1425 2981 ruo.
1450 2932 1623 2979 cnuuivs
1637 2934 1708 2980 eam
1721 2915 1839 2980 iterum
1854 2910 2068 2992 exhibuit,in·

558 2999 736 3075 tommode
757 3004 791 3068 in
811 2999 1057 3087 iurisprudentia
1075 3002 1212 3067 naturali
1229 3018 1290 3065 tra·
1333 3019 1381 3068 ter
1395 2999 1605 3064 methodorum
1609 3002 1783 3086 scriptores,
1793 3022 1846 3066 an.
1858 3003 1954 3081 1692,
1969 3016 2002 3080 4.
2010 2997 2071 3082 qui

558 3092 663 3169 dinan
684 3110 882 3176 quamquam
903 3108 971 3154 non
993 3084 1111 3169 desint,
1133 3091 1189 3173 qui
1205 3086 1290 3173 sepa·
1335 3086 1456 3157 &hinc
1470 3084 1546 3152 inde
1557 3101 1651 3153 notas
1659 3084 1812 3173 quasdam
1826 3083 1985 3171 adspersit.
2008 3103 2069 3147 10.

557 3182 656 3249 ratim
670 3175 912 3257 camerinen,
934 3193 969 3241 vt
983 3196 1034 3241 10.
1056 3196 1114 3241 ru.
1136 3195 1291 3253 noturus,
1335 3194 1459 3241 auur.
1485 3170 1746 3253 nosivsnollet,
1757 3170 1796 3243 de
1807 3171 2070 3254 Naudaeo,eius·

556 3272 598 3337 in
604 3266 805 3353 politicorum
814 3280 906 3349 parte
920 3260 1156 3329 architemnica
1164 3263 1201 3325 de
1216 3262 1292 3325 ciui·
1334 3281 1396 3347 que
1410 3258 1637 3346 bibliographia
1648 3260 1795 3343 politica,
1809 3263 1854 3326 ita
1862 3258 2070 3347 pronuntiat:

556 3371 651 3436 ute,
679 3372 762 3439 quae
773 3347 971 3416 Francofurti
990 3354 1084 3433 1672,
1109 3361 1138 3423 8.
1160 3344 1290 3435 prodiit.
1334 3348 1395 3413 Sed
1406 3346 1439 3410 in
1454 3348 1605 3410 Naudaeo
1623 3346 1880 3427 obseruantia,
1895 3345 2072 3411 euminrer·

559 3444 634 3511 Nee
647 3440 740 3507 aliter
754 3435 794 3505 de
813 3456 860 3503 ca
871 3459 884 3502 s
896 3458 925 3502 u.
948 3456 1153 3502 z1ectuuo
1169 3482 1179 3515 ,
1208 3436 1292 3499 aliis-
1335 3435 1408 3499 dum
1415 3431 1518 3517 studio
1530 3434 1688 3516 partium,
1704 3435 1832 3518 odioque
1849 3434 1998 3513 nationis,
2012 3444 2072 3495 aue

557 3550 623 3617 que
636 3522 850 3605 censendum,
871 3524 927 3609 qui
942 3521 982 3588 de
994 3523 1114 3587 iuribus
1126 3520 1292 3606 maiestati·
1334 3518 1504 3606 religionis,
1520 3518 1703 3603 quibusdam
1717 3520 1906 3605 iniquiorum
1913 3519 1974 3604 iffi,
1989 3515 2070 3580 mid·

560 3622 624 3699 cis,
644 3635 684 3683 ex
697 3609 845 3679 instituto
860 3612 1069 3676 commentati
1081 3608 1172 3687 sunt‚·
1193 3628 1292 3693 quam
1334 3626 1383 3671 tos
1396 3608 1491 3669 etiam
1504 3604 1635 3691 egregios
1652 3610 1792 3673 aridiores
1803 3606 1841 3670 ob
1860 3608 1979 3669 easdem
1985 3601 2071 3682 caus-

557 3700 694 3793 quidem
706 3696 889 3767 dodirinam
903 3694 1000 3763 hodie
1014 3696 1164 3762 nonnulli
1178 3695 1234 3760 sub
1245 3695 1293 3757 iu·
1326 3695 1383 3778 sas
1404 3692 1498 3777 plane
1521 3691 1701 3775 praeterire.
1745 3689 1783 3758 Id
1809 3688 1899 3777 quod
1919 3688 2072 3773 exemplis

557 3793 609 3859 ris
648 3786 740 3851 allici
761 3783 938 3866 uniuerfitlis
958 3786 1092 3849 nomine
1113 3801 1293 3867 proponere
1334 3780 1544 3865 comprobat,
1560 3781 1595 3843 in
1609 3778 1756 3865 differtur.
1772 3778 1881 3865 isagog.
1898 3776 1934 3841 de
1947 3792 2071 3859 compa-

563 3806 706 3944 masunt.
724 3868 1171 3957 Eouamquespedlatrvsrr
1194 3889 1291 3934 riuu-
1335 3869 1437 3931 tanda
1465 3865 1635 3949 prudentia
1669 3865 1756 3929 ciuili
1771 3910 1781 3946 ,
1813 3873 1842 3948 §.
1864 3859 2073 3930 LXXXIV·

563 3957 1292 4038 uincinoenuruiinmdutlioiniuspu.
1335 3973 1536 4019 unvoauo
1582 3953 1699 4017 merito
1740 3954 1903 4039 iungimus
1940 3964 2072 4015 nutat.
2172 4010 2176 4021 ,

560 4050 682 4119 blitum
695 4044 873 4130 vnnnfitle,
889 4064 927 4109 ex
939 4044 1086 4131 genuinis
1106 4043 1184 4107 iuris
1205 4058 1297 4105 natu-
1343 4060 1422 4105 cou
1433 4060 1471 4105 ur
1481 4059 1617 4103 univit
1627 4083 1637 4118 ,
1649 4040 1699 4103 cui
1715 4040 1798 4104 inter
1815 4034 2002 4122 prudentiae
2025 4033 2071 4096 ci·

560 4132 951 4223 raeprtiecipiisdedulium
959 4134 1023 4203 &a
1036 4125 1297 4214 HalaeMagdeb.
1340 4127 1414 4192 uilis
1431 4123 1615 4211 magistros,
1645 4121 1731 4210 apud
1750 4126 1927 4188 Germanos
1949 4123 2073 4206 primus

562 4242 665 4309 1710,
681 4230 713 4299 8.
734 4216 836 4301 Haec,
851 4220 885 4287 δι
900 4218 961 4285 alia
975 4215 1116 4285 eiusdem
1128 4216 1249 4302 generis
1261 4216 1296 4279 in
1340 4216 1419 4279 citra
1432 4208 1685 4277 controuersiam
1699 4211 1789 4277 locus
1803 4206 1982 4275 debetur.ls
1991 4223 2072 4272 vero

563 4304 812 4397 iurisprudentia
832 4308 941 4393 potius
965 4304 1126 4385 naturali,
1149 4323 1247 4387 quam
1260 4303 1296 4366 in
1340 4321 1410 4365 non
1424 4315 1553 4364 tantum
1566 4299 1602 4362 in
1615 4298 1716 4378 libro,
1738 4294 1777 4363 de
1790 4296 1875 4360 ciuili
1892 4292 2072 4381 prudentia,

564 4398 704 4489 politica
716 4392 824 4463 sedem
836 4392 894 4461 fibi
907 4390 1082 4459 vindicant.
1125 4384 1295 4455 Monenda
1338 4407 1365 4453 c.
1381 4389 1464 4451 XIV.
1479 4383 1531 4449 seu
1552 4384 1675 4465 ultimo,
1695 4404 1777 4470 quae
1798 4382 1912 4467 scripta
1932 4378 2017 4449 edita
2030 4374 2073 4443 ad

563 4502 677 4554 autem
689 4478 745 4549 illa
758 4480 868 4561 suere,
888 4498 924 4546 vt
938 4502 979 4547 eo
994 4478 1152 4545 rediiusin
1165 4473 1296 4541 historia
1339 4469 1515 4559 parandam
1544 4468 1749 4557 prudentiam
1774 4470 1903 4535 ciuilem
1931 4468 2072 4533 maxime

587 4568 754 4641 mdeutiae
767 4570 890 4648 ciuilis,
907 4568 941 4635 ὅ(
957 4566 1151 4650 scriptorum
1172 4585 1211 4630 eo
1226 4562 1298 4649 spe·
1342 4558 1401 4627 sint
1414 4557 1549 4638 idonea,
1565 4554 1772 4642 exponit,sed
1784 4555 1976 4643 peculiarem
1986 4572 2070 4651 quo-

563 4594 726 4731 aarum
759 4654 1107 4739 commemoratione,
1148 4644 1300 4741 progredi
1342 4668 1404 4739 que
1418 4645 1683 4731 dissertationem,
1706 4640 1746 4717 de
1768 4643 1854 4716 ciuili
1866 4637 2073 4788 behsssdxv

560 4766 738 4841 §lumila-
1990 4745 2017 4791 ei
2054 4760 2069 4778 ·
