5259 5967
552 726 619 809 658
808 704 942 781 LIBRI
963 702 1303 783 POSTERIORIS
1323 706 1495 782 cAuvr
1526 707 1775 801 erurvnr

559 812 1525 840 ...m—*-
1540 824 1547 831 .
1564 824 1609 833 ....
1671 816 2061 840 ...ῃ-*-

558 880 636 949 prae
651 856 683 923 se
694 854 753 921 fert
766 853 918 921 sententia
933 854 1080 937 speciem,
1098 854 1154 941 qui
1170 848 1293 921 ecclefi·
1336 856 1535 941 iffenegtnn
1545 850 1939 939 fiquidemilii,interquos
1950 856 2085 925 Antio·-

560 969 616 1015 arn
643 940 854 1029 apostolicam
879 964 955 1007 curn
980 941 1140 1029 synagoga
1167 939 1295 1009 iudaica
1338 938 1714 1010 chiuecontroueriiuista
1727 962 1837 1008 exorta
1858 960 1936 1019 erat,
1953 946 1989 1009 in
2005 943 2075 1010 serr·

560 1030 751 1103 conferuntt
772 1050 871 1115 quam
884 1026 954 1114 post
968 1050 1060 1097 nvo.
1082 1050 1104 1095 c
1114 1050 1294 1107 norrun,
1339 1033 1474 1098 tentiam
1489 1027 1634 1095 ecclesiae
1650 1026 1970 1115 Hierosniyntiranae
1984 1052 2072 1097 corn·

560 1136 868 1195 roseuoenvn,
892 1138 940 1181 ro.
964 1138 1294 1193 urourroorvru,
1339 1112 2072 1203 promiserinqadeoqueexcompromr'ffoinille

560 1212 707 1291 aliosque
720 1206 829 1289 magni
841 1206 984 1269 nominis
997 1209 1099 1283 viros,
1112 1202 1294 1269 ornandum
1339 1201 1465 1271 ecclesia
1478 1198 1516 1270 de
1535 1200 1595 1268 hac
1608 1201 1794 1288 quaestione
1813 1202 1945 1284 netum,
1968 1199 2072 1270 decre·

563 1290 858 1374 defendendamque
867 1288 922 1357 sibi
931 1288 1037 1358 sutniit
1052 1309 1295 1357 cnurrorve
1339 1291 1631 1377 tumquecumaliis
1643 1286 1775 1355 ecclefiie
1786 1310 1854 1355 non
1865 1310 1922 1375 per
1937 1288 2071 1355 modurn

563 1398 785 1457 weretune,
805 1382 840 1443 in
857 1378 958 1443 tribus
975 1380 1012 1442 de
1024 1380 1181 1464 synagoga
1201 1373 1296 1441 reteri
1338 1381 1478 1465 imperii,
1492 1374 1543 1443 sed
1556 1373 1719 1443 dodininae
1729 1380 2014 1444 communicatum
2028 1377 2073 1443 fn.

562 1469 669 1549 libris,
691 1466 923 1551 Franecquerae
946 1470 1039 1545 1696.
1063 1460 1166 1530 tdtns.
1223 1464 1296 1529 Nec
1339 1468 1408 1533 erit.
1454 1466 1500 1531 lta
1515 1459 1644 1549 quidem
1656 1466 1704 1528 vir
1717 1462 2073 1531 iilustrisrvsr.netr·

565 1559 691 1633 abnuo,
714 1557 835 1619 rituum
849 1550 1049 1618 iudaicorum
1062 1548 1189 1637 vestigia
1201 1570 1297 1637 quae·
1339 1573 1460 1620 νινε.
1481 1570 1753 1632 nocumentis,
1772 1554 1808 1618 in
1827 1552 1981 1639 diffitear.
2000 1554 2072 1617 t'un'r

564 1644 697 1712 damin
728 1636 855 1707 ecclesia
880 1635 1046 1703 christiana
1078 1634 1296 1723 deprehendit
1339 1636 1490 1725 ecclesufl.
1502 1638 1636 1722 antiqui,
1651 1636 1795 1723 differta.
1809 1641 1871 1705 m.
1882 1658 1916 1725 p.
1926 1652 1990 1717 ²18·
1993 1642 2073 1725 ftqq.

565 1727 656 1816 quod
670 1730 704 1794 dc
718 1749 736 1791 a
751 1725 882 1811 meipso
898 1730 933 1791 in
945 1725 1064 1789 duabus
1076 1725 1113 1789 de
1126 1726 1238 1789 ritibus
1250 1742 1297 1787 ec·
1342 1730 1420 1793 item
1440 1728 1475 1791 in
1491 1726 1726 1791 emendationib.
1747 1728 1786 1797 θ’
1797 1726 2024 1791 additamentis
2037 1726 2076 1792 ni

564 1816 665 1901 ciefiae
679 1814 795 1878 latinae
808 1813 939 1876 iudaicis
946 1857 958 1894 ,
972 1811 1230 1899 differrarioniitur
1244 1807 1297 1875 de·
1341 1818 1429 1881 ioan.
1452 1810 1594 1877 Scbiiren'
1609 1810 1737 1897 institut.
1756 1813 1836 1879 iuris
1853 1834 1968 1879 canon.
1985 1814 2036 1880 tib.
2048 1816 2072 1879 1.

564 1900 802 1977 monstratum,
831 1921 913 1984 quae
933 1901 969 1965 in
985 1899 1127 1985 parergis
1145 1896 1298 1983 historico·
1341 1901 1462 1967 21·an.
1479 1918 1513 1985 p.
1525 1916 1565 1981 19·
1581 1916 1615 1964 νε
1630 1901 1664 1968 &
1677 1902 1711 1965 in
1732 1900 1877 1987 originib.
1894 1904 2074 1987 praecipua.

566 1990 666 2057 theoio
686 1986 883 2061 icirerriiantt
907 2003 1097 2053 nontamen
1107 1986 1189 2050 vltra
1200 2003 1299 2070 quarn
1342 2008 1413 2053 run
1432 1988 1593 2051 materian
1615 1986 1695 2051 iurir
1712 1984 1866 2075 ecclefiast.
1889 2008 1960 2073 cap.
1975 1993 2029 2055 111.
2042 2008 2070 2074 p.

534 2134 537 2139 .
568 2008 689 2166 pared,
706 2072 970 2225 iiiecornqarttio
984 2068 1199 2146 extendendae
1210 2090 1299 2157 prae·
1337 2094 1403 2161 503.
1407 2074 1491 2159 seqq.
1517 2076 1604 2159 ‘Ego
1618 2070 1888 2159 equidemlubens
1901 2076 2014 2158 fateor,
2029 2080 2072 2143 in·

567 2168 673 2233 sertim
687 2182 845 2229 cumvero
857 2158 1078 2239 rmiienonfit,
1090 2156 1299 2225 vetereschri-
1344 2180 1392 2228 ter
1404 2160 1738 2246 Hierosoly-mitanum
1753 2164 1948 2245 concilium,
1967 2166 1999 2231 dc
2009 2165 2071 2229 reli·

568 2254 686 2321 stianos
709 2248 904 2337 synagogam
919 2246 1079 2313 iudaicam
1098 2244 1298 2330 postliminio
1342 2270 1429 2334 qua,
1450 2268 1532 2333 quae
1554 2244 1702 2332 deinceps
1722 2266 1918 2335 congregata
1940 2250 2072 2329 fuerunt,

505 2352 514 2362 '
567 2358 720 2409 reuocare
733 2336 866 2403 voluiss'e
874 2366 889 2413 ,·
897 2337 952 2421 qui
962 2338 1069 2421 potius
1082 2330 1120 2399 de
1132 2331 1299 2398 doetrinae
1342 2338 1520 2401 maximum
1545 2331 1738 2402 intercedere
1760 2333 1961 2415 discriment
2000 2334 2073 2403 dum

567 2426 771 2495 euanoelicae
784 2423 1026 2490 construetione
1042 2442 1080 2485 ac
1094 2420 1299 2505 propagatio·
1341 2420 1420 2489 haec
1430 2420 1470 2487 ab
1484 2421 1566 2487 illius
1575 2442 1700 2502 norma,
1711 2442 1809 2507 quarn
1823 2420 2074 2510 longiffimesae·

567 2517 622 2597 ne,
639 2480 765 2597 fideque
777 2532 834 2595 per
846 2508 1031 2577 charitatem
1040 2502 1169 2583 efficaci,
1183 2503 1298 2569 sollici·
1342 2530 1383 2594 pe
1402 2507 1528 2573 fuerunt
1548 2526 1681 2575 remota.
1732 2512 1805 2576 Nec
1824 2528 1934 2576 tamen
1951 2509 2073 2576 adiutae

570 2605 609 2679 ti,
622 2598 645 2667 st
659 2595 738 2685 quid
745 2602 781 2662 in
790 2599 925 2662 externis
940 2587 1199 2660 constituendum
1211 2588 1297 2667 effer,
1342 2598 1480 2662 rationes
1493 2615 1545 2661 me
1560 2594 1710 2660 inducere
1746 2594 1866 2676 essunt,
1883 2601 2072 2682 quominus

568 2686 605 2755 id
619 2686 722 2751 solunt
736 2682 934 2767 spectabant,
948 2698 982 2746 νε
995 2674 1139 2746 ecclesiae
1150 2696 1299 2741 commo·
1343 2679 1480 2759 credam,
1494 2684 1710 2747 conuentumi
1762 2680 2067 2771 mHierosoiymira-

568 2772 620 2839 dis
633 2769 844 2849 consulerent,
858 2770 1055 2833 ationVIa.
1062 2783 1093 2849 5·
1114 2780 1299 2850 vtquecun·
1343 2788 1490 2853 nurnpro
1499 2770 1639 2834 concilio
1648 2768 1756 2836 haberi
1767 2770 2070 2854 poffedarrernntr·

569 2859 623 2927 &a
642 2867 797 2931 euenerunt
807 2852 852 2929 m·
863 2863 931 2917 ute
944 2861 1014 2927 τάξιν
1026 2848 1139 2921 fierent
1150 2854 1213 2933 ,.1.
1229 2854 1298 2915 Cor.
1342 2854 1454 2921 ochiae
1462 2852 1668 2939 disceptantes
1682 2858 1717 2921 in
1731 2854 1880 2925 ecclefiae
1889 2857 2072 2947 Hierosoly·

570 2946 656 3015 XIV·
670 2962 723 3026 40·
1341 2946 1480 3009 mirante
1492 2940 2073 3030 sententiamcompromisrss'e,exaei.

660 3026 807 3097 instituta
822 3044 916 3113 atque
928 3028 1006 3095 ritus
1016 3018 1160 3095 eccleiiae
1170 3016 1299 3111 aposto·
1341 3032 1453 3095 xm
1475 3028 1696 3115 noncolligas.
1741 3027 1979 3113 verosimilius,
1993 3034 2072 3113 iilos,

571 3121 650 3189 ritae
663 3116 803 3202 sequenti
816 3118 1048 3201 aetateinleges
1061 3112 1179 3191 abiisse,
1191 3128 1246 3177 aut
1255 3110 1298 3177 le·
1341 3119 1396 3203 qui
1410 3112 1602 3181 Antiochiae
1614 3138 1631 3179 a
1646 3116 1676 3181 st
1688 3116 1831 3181 inuicem
1840 3116 2070 3196 dissentiebant.

571 3209 663 3294 gibus
695 3198 904 3268 ecclefiasticis
936 3198 1137 3267 occasionem
1165 3195 1296 3276 dcdiffe,
1344 3207 1378 3272 δι
1393 3205 1461 3267 lites
1476 3203 1544 3266 illas
1554 3207 1708 3287 componi
1724 3204 1894 3286 volebant,
1908 3208 2070 3274 intellexis-

571 3298 670 3377 ionge
681 3288 725 3354 eii
737 3282 1030 3351 manifestisfimum.
1072 3288 1116 3351 Ea
1132 3303 1239 3351 tamen
1247 3305 1298 3349 ae·
1342 3291 1383 3370 se,
1397 3286 1485 3377 qnod
1500 3288 1534 3353 dt
1547 3292 1629 3355 ratio
1645 3287 1776 3369 didicat,
1794 3288 1816 3356 st
1830 3295 1894 3359 vin·
1908 3298 2069 3380 probitate,

571 3396 655 3457 tate,
676 3396 738 3460 qua
753 3373 799 3439 illi
815 3369 988 3440 introdudii
1007 3372 1134 3439 fuerunt
1144 3417 1155 3454 ,
1179 3371 1298 3457 legibus
1342 3373 1528 3455 sinceritate,
1541 3377 1691 3443 &rerum
1701 3381 1892 3462 cognitione
1900 3382 2069 3467 conspicui,

571 3459 792 3539 ecclefiatticin
808 3457 983 3545 proptitstc
994 3458 1095 3540 dietis,
1104 3482 1173 3524 non
1185 3460 1298 3543 magis,
1341 3465 1465 3531 collatis
1488 3462 1647 3529 sententiis
1664 3461 1786 3548 aliquid
1808 3471 2016 3547 examinent,
2038 3470 2068 3534 tr

572 3571 671 3639 quam
684 3550 837 3634 imperio,
855 3565 910 3613 aur
923 3544 1070 3634 potestati
1090 3546 1299 3633 legislatoriae
1341 3550 1456 3617 cundia
1470 3552 1528 3613 rire
1542 3547 1738 3634 ponderent,
1751 3556 1897 3620 veritatis
1911 3556 2017 3621 iucem
2028 3558 2069 3621 ita

571 3644 662 3706 locus
674 3654 751 3703 erat.
798 3636 879 3699 Sunt
892 3638 977 3701 enirn
992 3633 1068 3701 haec
1081 3637 1163 3699 inter
1176 3634 1205 3697 se
1218 3651 1298 3696 corr·
1341 3637 1548 3717 emersuram,
1563 3656 1711 3703 venemo
1733 3643 1828 3705 reniti
1844 3644 1998 3727 amplius,
2014 3656 2069 3705 aut

570 3726 691 3795 iuncta.
720 3722 862 3787 Dubium
872 3721 1018 3807 equidem
1029 3717 1297 3875 aliquodobcon·
1340 3724 1485 3793 reluctati
1500 3742 1604 3808 queat.
1649 3724 1721 3805 Qra
1733 3722 1772 3789 dc
1787 3746 1820 3793 rc
1835 3749 1876 3793 eo
1887 3731 1992 3792 minus
2007 3725 2067 3793 du-

571 3816 681 3881 cilium
700 3809 1050 3896 Hierosolymironum,
1094 3826 1298 3890 ecretuntque
1340 3815 1438 3879 bitate
1480 3826 1620 3889 nterant,
1635 3808 1723 3895 qnod
1738 3810 1865 3895 ipfimet
1881 3813 2066 3899 Hierosoly.

572 3906 606 3968 in
615 3924 654 3967 eo
663 3894 845 3974 conditum,
859 3900 982 3962 moueri
996 3911 1138 3983 potetate
1159 3892 1295 3980 quodw
1340 3918 1411 3966 mae
1424 3832 1555 3967 aderant
1570 3898 1717 3983 apostoli,
1732 3902 1849 3983 quibus
1860 3899 2001 3968 Christus
2008 3899 2068 3987 spi·

573 3992 679 4053 minus
698 3986 749 4051 hic
768 3983 1103 4070 praetermittendum,
1125 4004 1191 4067 quo
1205 3980 1296 4046 solie·
1339 3990 1436 4054 ritum
1450 3986 1604 4061 studium,
1614 3987 1818 4069 c'euspr'ritum
1833 3990 2066 4076 veritatis,th

572 4078 678 4141 muius
690 4070 752 4153 est,
774 4090 808 4136 vt
823 4072 1037 4137 conciliorum
1051 4068 1296 4138 hincderiuetur
1339 4075 1482 4153 miserat,
1504 4074 1559 4158 qni
1579 4095 1633 4139 eos
1653 4094 1785 4139 omnem
1805 4074 1983 4145 edocturus
1999 4075 2067 4143 esset

571 4167 674 4249 origo,
691 4182 727 4226 ex
739 4181 877 4245 quorum
893 4161 1072 4225 canonibus
1085 4162 1133 4224 ius
1149 4154 1296 4241 deinceps
1338 4164 1523 4241 veritatem,
1554 4164 1641 4226 loen.
1660 4166 1744 4226 XIV.
1760 4170 1864 4243 17.26.
1932 4162 2065 4231 Hinc&

571 4251 766 4315 canonicum
783 4243 960 4313 conflatum
974 4244 1033 4328 tii,
1045 4266 1079 4312 vr
1092 4248 1128 4311 in
1140 4244 1294 4331 sequenti·
1338 4250 1453 4318 cundia
1468 4252 1501 4315 in
1516 4266 1680 4313 conuentu
1693 4244 1753 4314 isto
1765 4246 2066 4337 Hierosolymitano

570 4338 629 4401 bus
643 4333 793 4399 dicemus.
849 4338 930 4401 Sunt
948 4332 1097 4420 equidem
1116 4334 1176 4399 viri
1194 4328 1294 4410 dotti,
1337 4340 1380 4403 ita
1396 4335 1477 4424 gesta
1497 4335 1585 4413 sunt,
1604 4352 1701 4420 prout
1715 4338 1750 4401 in
1763 4340 1907 4404 concilio
1922 4342 2067 4426 legitimo

569 4425 626 4508 qui
642 4422 853 4487 conciliorum
873 4425 1031 4507 originem
1052 4422 1091 4487 ab
1110 4418 1294 4505 Hierosoly·
1337 4430 1402 4513 geri
1420 4423 1584 4491 debebant.
1642 4420 1742 4505 Qtod
1756 4420 1777 4488 sr
1791 4427 1891 4491 eriam
1905 4422 2066 4493 decretum

568 4503 1293 4585 tnitanohocctdennandnnnontss'etonten-
1335 4513 1462 4578 concilii
1477 4505 1560 4573 istius
1578 4528 1646 4574 non
1658 4532 1714 4597 per
1725 4509 1860 4577 modum
1874 4516 2011 4599 imperii,
2018 4508 2064 4579 sed

567 4594 990 4673 dunt3immo‚conuentum
999 4595 1120 4663 huncce
1129 4592 1290 4680 apostolo·
1307 4598 1312 4607 '
1333 4621 1389 4685 per
1403 4594 1537 4664 modurn
1556 4596 1729 4677 doetrinae,
1755 4620 1830 4662 cum
1846 4602 1919 4667 aliie
1934 4598 2064 4669 ecclesiis

567 4705 638 4749 rum
651 4702 725 4747 cum
740 4681 939 4769 presbyteris,
956 4685 1130 4769 &reliquis
1144 4679 1289 4749 ccclesiae
1331 4686 1607 4753 communicatum
1621 4681 1693 4753 ess'et
1708 4704 1718 4761 t
1745 4682 1777 4749 id
1795 4702 1907 4754 tamen
1922 4711 1998 4757 non
2010 4688 2059 4755 ob·

566 4766 1286 4860 tuetosotyuutanatmtmbnqtonouunfit·
1328 4770 1439 4859 steret,
1459 4774 1653 4863 quominus
1672 4789 1855 4847 conuentus
1875 4772 1936 4847 iste
1958 4788 2059 4937 ffim
