<?xml version="1.0" encoding="UTF-8"?>
<!DOCTYPE html PUBLIC "-//W3C//DTD XHTML 1.0 Transitional//EN"
    "http://www.w3.org/TR/xhtml1/DTD/xhtml1-transitional.dtd">
<html xmlns="http://www.w3.org/1999/xhtml" xml:lang="en" lang="en">
 <head>
  <title>
</title>
<meta http-equiv="Content-Type" content="text/html;charset=utf-8" />
  <meta name='ocr-system' content='tesseract 3.04.00' />
  <meta name='ocr-capabilities' content='ocr_page ocr_carea ocr_par ocr_line ocrx_word'/>
</head>
<body>
  <div class='ocr_page' id='page_1' title='image "./iofranciscibvdd00buddgoog/iofranciscibvdd00buddgoog_0774.png"; bbox 0 0 5259 5967; ppageno 0'>
   <div class='ocr_carea' id='block_1_1' title="bbox 810 710 2074 813">
    <p class='ocr_par' dir='ltr' id='par_1_1' title="bbox 810 710 2074 813">
     <span class='ocr_line' id='line_1_1' title="bbox 810 710 2074 813; baseline 0.006 -23"><span class='ocrx_word' id='word_1_1' title='bbox 810 719 874 790; x_wconf 81' lang='lat' dir='ltr'>DE</span> <span class='ocrx_word' id='word_1_2' title='bbox 895 710 1342 790; x_wconf 78' lang='lat' dir='ltr'>IVRISPRVDENTIA</span> <span class='ocrx_word' id='word_1_3' title='bbox 1363 712 1790 792; x_wconf 67' lang='lat' dir='ltr'>Eccbuslnsncu</span> <span class='ocrx_word' id='word_1_4' title='bbox 2006 743 2074 813; x_wconf 82' lang='lat'>755</span> 
     </span>
    </p>
   </div>
   <div class='ocr_carea' id='block_1_2' title="bbox 528 856 2109 3656">
    <p class='ocr_par' dir='ltr' id='par_1_2' title="bbox 528 856 2109 3656">
     <span class='ocr_line' id='line_1_2' title="bbox 561 856 2070 955; baseline -0.001 -17"><span class='ocrx_word' id='word_1_5' title='bbox 561 865 776 953; x_wconf 82' lang='lat' dir='ltr'>&amp;dequibus</span> <span class='ocrx_word' id='word_1_6' title='bbox 796 867 862 931; x_wconf 87' lang='lat' dir='ltr'>iam</span> <span class='ocrx_word' id='word_1_7' title='bbox 881 863 974 952; x_wconf 86' lang='lat' dir='ltr'>supra</span> <span class='ocrx_word' id='word_1_8' title='bbox 990 862 1130 943; x_wconf 69' lang='lat' dir='ltr'>duum,</span> <span class='ocrx_word' id='word_1_9' title='bbox 1148 856 1235 928; x_wconf 85' lang='lat' dir='ltr'>haud</span> <span class='ocrx_word' id='word_1_10' title='bbox 1246 864 1294 926; x_wconf 86' lang='lat' dir='ltr'>vl·</span> <span class='ocrx_word' id='word_1_11' title='bbox 1337 865 1469 946; x_wconf 87' lang='lat' dir='ltr'>mirum,</span> <span class='ocrx_word' id='word_1_12' title='bbox 1486 864 1616 931; x_wconf 80' lang='lat' dir='ltr'>admitti</span> <span class='ocrx_word' id='word_1_13' title='bbox 1630 862 1695 931; x_wconf 84' lang='lat' dir='ltr'>lroc</span> <span class='ocrx_word' id='word_1_14' title='bbox 1708 860 1829 953; x_wconf 84' lang='lat' dir='ltr'>potest,</span> <span class='ocrx_word' id='word_1_15' title='bbox 1843 860 1866 932; x_wconf 83' lang='lat' dir='ltr'>si</span> <span class='ocrx_word' id='word_1_16' title='bbox 1882 862 1922 932; x_wconf 91' lang='lat' dir='ltr'>de</span> <span class='ocrx_word' id='word_1_17' title='bbox 1933 865 2070 955; x_wconf 80' lang='lat' dir='ltr'>liturgiis</span> 
     </span>
     <span class='ocr_line' id='line_1_3' title="bbox 560 948 2070 1040; baseline 0.001 -18"><span class='ocrx_word' id='word_1_18' title='bbox 560 959 679 1022; x_wconf 86' lang='lat' dir='ltr'>timum</span> <span class='ocrx_word' id='word_1_19' title='bbox 694 955 750 1021; x_wconf 89' lang='lat' dir='ltr'>hic</span> <span class='ocrx_word' id='word_1_20' title='bbox 762 948 818 1019; x_wconf 80' lang='lat' dir='ltr'>sibi</span> <span class='ocrx_word' id='word_1_21' title='bbox 826 949 992 1020; x_wconf 84' lang='lat' dir='ltr'>vindicant</span> <span class='ocrx_word' id='word_1_22' title='bbox 1000 949 1120 1018; x_wconf 82' lang='lat' dir='ltr'>locum.</span> <span class='ocrx_word' id='word_1_23' title='bbox 1166 950 1294 1016; x_wconf 83' lang='lat' dir='ltr'>Eosve·</span> <span class='ocrx_word' id='word_1_24' title='bbox 1336 953 1496 1040; x_wconf 81' lang='lat' dir='ltr'>genuinis,</span> <span class='ocrx_word' id='word_1_25' title='bbox 1515 955 1549 1020; x_wconf 77' lang='grc' dir='ltr'>δι</span> <span class='ocrx_word' id='word_1_26' title='bbox 1563 953 1603 1017; x_wconf 89' lang='lat' dir='ltr'>ab</span> <span class='ocrx_word' id='word_1_27' title='bbox 1618 954 1747 1039; x_wconf 81' lang='lat' dir='ltr'>integris</span> <span class='ocrx_word' id='word_1_28' title='bbox 1760 954 1825 1018; x_wconf 88' lang='lat' dir='ltr'>iam</span> <span class='ocrx_word' id='word_1_29' title='bbox 1839 953 1921 1019; x_wconf 90' lang='lat' dir='ltr'>olim</span> <span class='ocrx_word' id='word_1_30' title='bbox 1936 954 2070 1023; x_wconf 80' lang='lat' dir='ltr'>ecclesiia</span> 
     </span>
     <span class='ocr_line' id='line_1_4' title="bbox 559 1032 2069 1127; baseline 0 -18"><span class='ocrx_word' id='word_1_31' title='bbox 559 1065 598 1109; x_wconf 87' lang='lat' dir='ltr'>ro</span> <span class='ocrx_word' id='word_1_32' title='bbox 617 1044 714 1110; x_wconf 89' lang='lat' dir='ltr'>etiam</span> <span class='ocrx_word' id='word_1_33' title='bbox 727 1042 843 1121; x_wconf 86' lang='lat' dir='ltr'>libros,</span> <span class='ocrx_word' id='word_1_34' title='bbox 863 1043 919 1126; x_wconf 88' lang='lat' dir='ltr'>qui</span> <span class='ocrx_word' id='word_1_35' title='bbox 935 1054 1063 1105; x_wconf 84' lang='lat' dir='ltr'>tanturn</span> <span class='ocrx_word' id='word_1_36' title='bbox 1076 1032 1116 1105; x_wconf 88' lang='lat' dir='ltr'>de</span> <span class='ocrx_word' id='word_1_37' title='bbox 1129 1037 1243 1103; x_wconf 89' lang='lat' dir='ltr'>ritibus</span> <span class='ocrx_word' id='word_1_38' title='bbox 1256 1056 1292 1102; x_wconf 91' lang='lat' dir='ltr'>ac</span> <span class='ocrx_word' id='word_1_39' title='bbox 1335 1035 1531 1124; x_wconf 80' lang='lat' dir='ltr'>adprobatis,</span> <span class='ocrx_word' id='word_1_40' title='bbox 1546 1060 1604 1123; x_wconf 80' lang='lat' dir='ltr'>nec</span> <span class='ocrx_word' id='word_1_41' title='bbox 1617 1043 1774 1126; x_wconf 82' lang='lat' dir='ltr'>corruptis</span> <span class='ocrx_word' id='word_1_42' title='bbox 1789 1055 1845 1105; x_wconf 88' lang='lat' dir='ltr'>aut</span> <span class='ocrx_word' id='word_1_43' title='bbox 1857 1041 2069 1127; x_wconf 84' lang='lat' dir='ltr'>interpolatis,</span> 
     </span>
     <span class='ocr_line' id='line_1_5' title="bbox 559 1124 2069 1215; baseline 0.001 -19"><span class='ocrx_word' id='word_1_44' title='bbox 559 1130 761 1197; x_wconf 80' lang='lat' dir='ltr'>caerimoniis</span> <span class='ocrx_word' id='word_1_45' title='bbox 775 1143 886 1215; x_wconf 85' lang='lat' dir='ltr'>agunt,</span> <span class='ocrx_word' id='word_1_46' title='bbox 899 1129 935 1192; x_wconf 95' lang='lat' dir='ltr'>in</span> <span class='ocrx_word' id='word_1_47' title='bbox 947 1125 1076 1191; x_wconf 90' lang='lat' dir='ltr'>censum</span> <span class='ocrx_word' id='word_1_48' title='bbox 1091 1127 1292 1204; x_wconf 87' lang='lat' dir='ltr'>venire,cum</span> <span class='ocrx_word' id='word_1_49' title='bbox 1334 1126 1540 1212; x_wconf 79' lang='lat' dir='ltr'>intelligatur.</span> <span class='ocrx_word' id='word_1_50' title='bbox 1585 1126 1631 1192; x_wconf 78' lang='lat' dir='ltr'>Ex</span> <span class='ocrx_word' id='word_1_51' title='bbox 1646 1124 1805 1195; x_wconf 85' lang='lat' dir='ltr'>eiusmodi</span> <span class='ocrx_word' id='word_1_52' title='bbox 1817 1145 1923 1196; x_wconf 91' lang='lat' dir='ltr'>autem</span> <span class='ocrx_word' id='word_1_53' title='bbox 1935 1130 2069 1214; x_wconf 81' lang='lat' dir='ltr'>liturgiis</span> 
     </span>
     <span class='ocr_line' id='line_1_6' title="bbox 558 1209 2068 1300; baseline -0.001 -17"><span class='ocrx_word' id='word_1_54' title='bbox 558 1213 599 1283; x_wconf 85' lang='lat' dir='ltr'>de</span> <span class='ocrx_word' id='word_1_55' title='bbox 617 1212 866 1300; x_wconf 85' lang='lat' dir='ltr'>iurisprudentia</span> <span class='ocrx_word' id='word_1_56' title='bbox 885 1209 1086 1280; x_wconf 82' lang='lat' dir='ltr'>ecclefiastica</span> <span class='ocrx_word' id='word_1_57' title='bbox 1108 1211 1213 1279; x_wconf 90' lang='lat' dir='ltr'>sermo</span> <span class='ocrx_word' id='word_1_58' title='bbox 1234 1209 1291 1290; x_wconf 88' lang='lat' dir='ltr'>est,</span> <span class='ocrx_word' id='word_1_59' title='bbox 1335 1209 1625 1293; x_wconf 80' lang='lat' dir='ltr'>sidemonslretur,</span> <span class='ocrx_word' id='word_1_60' title='bbox 1640 1213 1845 1282; x_wconf 84' lang='lat' dir='ltr'>romanenses</span> <span class='ocrx_word' id='word_1_61' title='bbox 1859 1237 1878 1281; x_wconf 92' lang='lat' dir='ltr'>a</span> <span class='ocrx_word' id='word_1_62' title='bbox 1891 1218 2005 1283; x_wconf 85' lang='lat' dir='ltr'>veteris</span> <span class='ocrx_word' id='word_1_63' title='bbox 2019 1236 2068 1281; x_wconf 86' lang='lat' dir='ltr'>ec-</span> 
     </span>
     <span class='ocr_line' id='line_1_7' title="bbox 558 1296 2068 1388; baseline -0.001 -18"><span class='ocrx_word' id='word_1_64' title='bbox 558 1303 610 1370; x_wconf 85' lang='lat' dir='ltr'>vel</span> <span class='ocrx_word' id='word_1_65' title='bbox 626 1299 702 1369; x_wconf 87' lang='lat' dir='ltr'>inde</span> <span class='ocrx_word' id='word_1_66' title='bbox 717 1318 821 1387; x_wconf 89' lang='lat' dir='ltr'>patet,</span> <span class='ocrx_word' id='word_1_67' title='bbox 840 1297 930 1388; x_wconf 80' lang='lat' dir='ltr'>qttod</span> <span class='ocrx_word' id='word_1_68' title='bbox 944 1302 1065 1366; x_wconf 89' lang='lat' dir='ltr'>rituum</span> <span class='ocrx_word' id='word_1_69' title='bbox 1083 1320 1121 1365; x_wconf 90' lang='lat' dir='ltr'>ac</span> <span class='ocrx_word' id='word_1_70' title='bbox 1134 1300 1292 1365; x_wconf 87' lang='lat' dir='ltr'>caerimo-</span> <span class='ocrx_word' id='word_1_71' title='bbox 1336 1296 1448 1366; x_wconf 87' lang='lat' dir='ltr'>clefiae</span> <span class='ocrx_word' id='word_1_72' title='bbox 1473 1298 1620 1367; x_wconf 64' lang='lat' dir='ltr'>dodrina</span> <span class='ocrx_word' id='word_1_73' title='bbox 1647 1323 1685 1367; x_wconf 86' lang='lat' dir='ltr'>ac</span> <span class='ocrx_word' id='word_1_74' title='bbox 1709 1301 1864 1369; x_wconf 88' lang='lat' dir='ltr'>sententia</span> <span class='ocrx_word' id='word_1_75' title='bbox 1893 1296 2068 1380; x_wconf 68' lang='lat' dir='ltr'>discessisset</span> 
     </span>
     <span class='ocr_line' id='line_1_8' title="bbox 558 1380 2069 1476; baseline 0.001 -19"><span class='ocrx_word' id='word_1_76' title='bbox 558 1394 688 1457; x_wconf 79' lang='lat' dir='ltr'>uiarum</span> <span class='ocrx_word' id='word_1_77' title='bbox 700 1386 888 1456; x_wconf 84' lang='lat' dir='ltr'>&#39;constitutio</span> <span class='ocrx_word' id='word_1_78' title='bbox 905 1384 947 1453; x_wconf 87' lang='lat' dir='ltr'>ad</span> <span class='ocrx_word' id='word_1_79' title='bbox 960 1402 1127 1455; x_wconf 85' lang='lat' dir='ltr'>externum</span> <span class='ocrx_word' id='word_1_80' title='bbox 1147 1380 1292 1451; x_wconf 82' lang='lat' dir='ltr'>ecclesiae</span> <span class='ocrx_word' id='word_1_81' title='bbox 1336 1388 1469 1473; x_wconf 88' lang='lat' dir='ltr'>proprio</span> <span class='ocrx_word' id='word_1_82' title='bbox 1483 1402 1555 1453; x_wconf 86' lang='lat' dir='ltr'>tum</span> <span class='ocrx_word' id='word_1_83' title='bbox 1569 1387 1753 1474; x_wconf 86' lang='lat' dir='ltr'>iugulantur</span> <span class='ocrx_word' id='word_1_84' title='bbox 1766 1387 1884 1475; x_wconf 87' lang='lat' dir='ltr'>gladio,</span> <span class='ocrx_word' id='word_1_85' title='bbox 1898 1411 2069 1476; x_wconf 85' lang='lat' dir='ltr'>argumen-</span> 
     </span>
     <span class='ocr_line' id='line_1_9' title="bbox 558 1467 2072 1564; baseline -0.001 -21"><span class='ocrx_word' id='word_1_86' title='bbox 558 1479 724 1562; x_wconf 83' lang='lat' dir='ltr'>regitnen,</span> <span class='ocrx_word' id='word_1_87' title='bbox 744 1475 799 1542; x_wconf 88' lang='lat' dir='ltr'>seu</span> <span class='ocrx_word' id='word_1_88' title='bbox 811 1478 861 1543; x_wconf 89' lang='lat' dir='ltr'>ius</span> <span class='ocrx_word' id='word_1_89' title='bbox 885 1475 971 1541; x_wconf 88' lang='lat' dir='ltr'>circa</span> <span class='ocrx_word' id='word_1_90' title='bbox 985 1473 1072 1540; x_wconf 90' lang='lat' dir='ltr'>sacra</span> <span class='ocrx_word' id='word_1_91' title='bbox 1088 1467 1291 1540; x_wconf 86' lang='lat' dir='ltr'>referendum</span> <span class='ocrx_word' id='word_1_92' title='bbox 1336 1493 1436 1559; x_wconf 84' lang='lat' dir='ltr'>toque</span> <span class='ocrx_word' id='word_1_93' title='bbox 1444 1490 1644 1559; x_wconf 88' lang='lat' dir='ltr'>premuntur,</span> <span class='ocrx_word' id='word_1_94' title='bbox 1656 1472 1744 1561; x_wconf 90' lang='lat' dir='ltr'>quod</span> <span class='ocrx_word' id='word_1_95' title='bbox 1752 1480 1819 1542; x_wconf 83' lang='lat' dir='ltr'>virn</span> <span class='ocrx_word' id='word_1_96' title='bbox 1827 1497 1977 1564; x_wconf 83' lang='lat' dir='ltr'>magnam</span> <span class='ocrx_word' id='word_1_97' title='bbox 1985 1499 2072 1562; x_wconf 84' lang='lat' dir='ltr'>pon-</span> 
     </span>
     <span class='ocr_line' id='line_1_10' title="bbox 560 1555 2092 1650; baseline 0.001 -20"><span class='ocrx_word' id='word_1_98' title='bbox 560 1562 614 1637; x_wconf 75' lang='lat' dir='ltr'>site</span> <span class='ocrx_word' id='word_1_99' title='bbox 637 1560 727 1648; x_wconf 90' lang='lat' dir='ltr'>quod</span> <span class='ocrx_word' id='word_1_100' title='bbox 742 1562 872 1628; x_wconf 83' lang='lat' dir='ltr'>summis</span> <span class='ocrx_word' id='word_1_101' title='bbox 884 1559 1114 1647; x_wconf 81' lang='lat' dir='ltr'>imperantibus</span> <span class='ocrx_word' id='word_1_102' title='bbox 1122 1560 1293 1647; x_wconf 84' lang='lat' dir='ltr'>proprium</span> <span class='ocrx_word' id='word_1_103' title='bbox 1335 1557 1458 1646; x_wconf 77' lang='lat' dir='ltr'>duaque</span> <span class='ocrx_word' id='word_1_104' title='bbox 1481 1555 1700 1648; x_wconf 78' lang='lat' dir='ltr'>grauillimum</span> <span class='ocrx_word' id='word_1_105' title='bbox 1724 1558 1832 1631; x_wconf 81' lang='lat' dir='ltr'>habet.</span> <span class='ocrx_word' id='word_1_106' title='bbox 1899 1566 2092 1650; x_wconf 84' lang='lat' dir='ltr'>Specirnen&#39;</span> 
     </span>
     <span class='ocr_line' id='line_1_11' title="bbox 558 1642 2068 1735; baseline 0.001 -18"><span class='ocrx_word' id='word_1_107' title='bbox 558 1646 916 1730; x_wconf 78' lang='lat' dir='ltr'>else,manisestumest;</span> <span class='ocrx_word' id='word_1_108' title='bbox 939 1650 1291 1735; x_wconf 82' lang='lat' dir='ltr'>licetnegasinequeat,</span> <span class='ocrx_word' id='word_1_109' title='bbox 1336 1646 1430 1716; x_wconf 88' lang='lat' dir='ltr'>huius</span> <span class='ocrx_word' id='word_1_110' title='bbox 1451 1652 1498 1715; x_wconf 88' lang='lat' dir='ltr'>rei</span> <span class='ocrx_word' id='word_1_111' title='bbox 1519 1642 1607 1715; x_wconf 89' lang='lat' dir='ltr'>dedit</span> <span class='ocrx_word' id='word_1_112' title='bbox 1626 1672 1654 1715; x_wconf 76' lang='lat' dir='ltr'>a.</span> <span class='ocrx_word' id='word_1_113' title='bbox 1669 1670 1698 1715; x_wconf 79' lang='lat' dir='ltr'>e.</span> <span class='ocrx_word' id='word_1_114' title='bbox 1719 1671 1770 1716; x_wconf 76' lang='lat' dir='ltr'>or</span> <span class='ocrx_word' id='word_1_115' title='bbox 1790 1670 1842 1717; x_wconf 77' lang='lat' dir='ltr'>na</span> <span class='ocrx_word' id='word_1_116' title='bbox 1861 1671 2009 1732; x_wconf 73' lang='lat' dir='ltr'>aaran,</span> <span class='ocrx_word' id='word_1_117' title='bbox 2033 1655 2068 1718; x_wconf 95' lang='lat' dir='ltr'>in</span> 
     </span>
     <span class='ocr_line' id='line_1_12' title="bbox 558 1730 2103 1823; baseline 0.001 -21"><span class='ocrx_word' id='word_1_118' title='bbox 558 1738 639 1812; x_wconf 85' lang='lat' dir='ltr'>olim</span> <span class='ocrx_word' id='word_1_119' title='bbox 652 1732 810 1804; x_wconf 75' lang='lat' dir='ltr'>eiusmodi</span> <span class='ocrx_word' id='word_1_120' title='bbox 824 1736 924 1803; x_wconf 78' lang='lat' dir='ltr'>libros</span> <span class='ocrx_word' id='word_1_121' title='bbox 936 1757 955 1802; x_wconf 90' lang='lat' dir='ltr'>a</span> <span class='ocrx_word' id='word_1_122' title='bbox 969 1739 1112 1821; x_wconf 88' lang='lat' dir='ltr'>priuatae</span> <span class='ocrx_word' id='word_1_123' title='bbox 1126 1736 1217 1802; x_wconf 85' lang='lat' dir='ltr'>sortis</span> <span class='ocrx_word' id='word_1_124' title='bbox 1231 1730 1293 1799; x_wconf 88' lang='lat' dir='ltr'>ho·</span> <span class='ocrx_word' id='word_1_125' title='bbox 1335 1734 1464 1800; x_wconf 89' lang='lat' dir='ltr'>libello:</span> <span class='ocrx_word' id='word_1_126' title='bbox 1487 1735 1630 1801; x_wconf 71' lang='lat' dir='ltr'>doilriu</span> <span class='ocrx_word' id='word_1_127' title='bbox 1643 1735 1880 1823; x_wconf 74' lang='lat' dir='ltr'>protestantium</span> <span class='ocrx_word' id='word_1_128' title='bbox 1892 1740 1930 1802; x_wconf 81' lang='lat' dir='ltr'>de</span> <span class='ocrx_word' id='word_1_129' title='bbox 1942 1739 2070 1804; x_wconf 75' lang='lat' dir='ltr'>liberta·</span> <span class='ocrx_word' id='word_1_130' title='bbox 2099 1758 2103 1769; x_wconf 93' lang='lat'><strong>·</strong></span> 
     </span>
     <span class='ocr_line' id='line_1_13' title="bbox 558 1820 2069 1908; baseline 0 -18"><span class='ocrx_word' id='word_1_131' title='bbox 558 1825 698 1890; x_wconf 85' lang='lat' dir='ltr'>minibus</span> <span class='ocrx_word' id='word_1_132' title='bbox 709 1820 842 1891; x_wconf 89' lang='lat' dir='ltr'>subinde</span> <span class='ocrx_word' id='word_1_133' title='bbox 855 1820 1062 1908; x_wconf 84' lang='lat' dir='ltr'>compositos,</span> <span class='ocrx_word' id='word_1_134' title='bbox 1077 1838 1229 1908; x_wconf 82' lang='lat' dir='ltr'>receptos</span> <span class='ocrx_word' id='word_1_135' title='bbox 1244 1835 1291 1885; x_wconf 82' lang='lat' dir='ltr'>ta·</span> <span class='ocrx_word' id='word_1_136' title='bbox 1333 1838 1365 1886; x_wconf 86' lang='lat' dir='ltr'>te</span> <span class='ocrx_word' id='word_1_137' title='bbox 1378 1821 1493 1907; x_wconf 82' lang='lat' dir='ltr'>legendi</span> <span class='ocrx_word' id='word_1_138' title='bbox 1501 1824 1689 1908; x_wconf 80' lang='lat' dir='ltr'>scripturum</span> <span class='ocrx_word' id='word_1_139' title='bbox 1700 1826 1826 1907; x_wconf 84' lang='lat' dir='ltr'>sucrum</span> <span class='ocrx_word' id='word_1_140' title='bbox 1833 1849 1846 1902; x_wconf 75' lang='lat'>,-</span> <span class='ocrx_word' id='word_1_141' title='bbox 1873 1825 1911 1890; x_wconf 84' lang='lat' dir='ltr'>de</span> <span class='ocrx_word' id='word_1_142' title='bbox 1924 1826 2008 1890; x_wconf 79' lang='lat' dir='ltr'>cultu</span> <span class='ocrx_word' id='word_1_143' title='bbox 2020 1824 2069 1891; x_wconf 82' lang='lat' dir='ltr'>di-</span> 
     </span>
     <span class='ocr_line' id='line_1_14' title="bbox 557 1906 2070 1996; baseline 0 -18"><span class='ocrx_word' id='word_1_144' title='bbox 557 1930 634 1978; x_wconf 87' lang='lat' dir='ltr'>tnen</span> <span class='ocrx_word' id='word_1_145' title='bbox 648 1911 683 1976; x_wconf 90' lang='lat' dir='ltr'>in</span> <span class='ocrx_word' id='word_1_146' title='bbox 699 1907 850 1990; x_wconf 85' lang='lat' dir='ltr'>ecclesia,</span> <span class='ocrx_word' id='word_1_147' title='bbox 871 1907 895 1975; x_wconf 85' lang='lat' dir='ltr'>li</span> <span class='ocrx_word' id='word_1_148' title='bbox 908 1909 992 1977; x_wconf 90' lang='lat' dir='ltr'>sorte</span> <span class='ocrx_word' id='word_1_149' title='bbox 1012 1906 1177 1995; x_wconf 77' lang='lat' dir='ltr'>singularis</span> <span class='ocrx_word' id='word_1_150' title='bbox 1196 1925 1292 1992; x_wconf 89' lang='lat' dir='ltr'>quae·</span> <span class='ocrx_word' id='word_1_151' title='bbox 1333 1908 1408 1974; x_wconf 82' lang='lat' dir='ltr'>uino</span> <span class='ocrx_word' id='word_1_152' title='bbox 1424 1908 1458 1971; x_wconf 80' lang='lat' dir='ltr'>in</span> <span class='ocrx_word' id='word_1_153' title='bbox 1473 1907 1580 1996; x_wconf 77' lang='lat' dir='ltr'>lingua</span> <span class='ocrx_word' id='word_1_154' title='bbox 1600 1910 1766 1975; x_wconf 71' lang='lat' dir='ltr'>vernacula</span> <span class='ocrx_word' id='word_1_155' title='bbox 1781 1933 1791 1986; x_wconf 72' lang='grc' dir='ltr'><strong>ς</strong></span> <span class='ocrx_word' id='word_1_156' title='bbox 1818 1912 1857 1976; x_wconf 83' lang='lat' dir='ltr'>de</span> <span class='ocrx_word' id='word_1_157' title='bbox 1874 1914 2070 1978; x_wconf 79' lang='lat' dir='ltr'>inuocatione</span> 
     </span>
     <span class='ocr_line' id='line_1_15' title="bbox 556 1995 2069 2085; baseline 0.001 -21"><span class='ocrx_word' id='word_1_158' title='bbox 556 1995 633 2064; x_wconf 88' lang='lat' dir='ltr'>dam</span> <span class='ocrx_word' id='word_1_159' title='bbox 647 1997 779 2061; x_wconf 88' lang='lat' dir='ltr'>illorum</span> <span class='ocrx_word' id='word_1_160' title='bbox 794 1995 1063 2064; x_wconf 74' lang='lat' dir='ltr'>essetaudtoritas.</span> <span class='ocrx_word' id='word_1_161' title='bbox 1105 1996 1139 2064; x_wconf 78' lang='lat' dir='ltr'>Si</span> <span class='ocrx_word' id='word_1_162' title='bbox 1153 1996 1292 2083; x_wconf 82' lang='lat' dir='ltr'>quisau·</span> <span class='ocrx_word' id='word_1_163' title='bbox 1325 1997 1535 2079; x_wconf 62' lang='lat' dir='ltr'>fundorum,-</span> <span class='ocrx_word' id='word_1_164' title='bbox 1562 1996 1658 2080; x_wconf 80' lang='lat' dir='ltr'>deque</span> <span class='ocrx_word' id='word_1_165' title='bbox 1669 1997 1763 2080; x_wconf 74' lang='lat' dir='ltr'>sacru</span> <span class='ocrx_word' id='word_1_166' title='bbox 1782 1997 1981 2085; x_wconf 77' lang='lat' dir='ltr'>eucharistia,</span> <span class='ocrx_word' id='word_1_167' title='bbox 1997 2021 2069 2065; x_wconf 83' lang='lat' dir='ltr'>con·</span> 
     </span>
     <span class='ocr_line' id='line_1_16' title="bbox 558 2078 2069 2173; baseline 0.001 -22"><span class='ocrx_word' id='word_1_168' title='bbox 558 2102 624 2151; x_wconf 87' lang='lat' dir='ltr'>tem</span> <span class='ocrx_word' id='word_1_169' title='bbox 638 2080 743 2149; x_wconf 89' lang='lat' dir='ltr'>adhuc</span> <span class='ocrx_word' id='word_1_170' title='bbox 755 2083 912 2170; x_wconf 83' lang='lat' dir='ltr'>ambigat,</span> <span class='ocrx_word' id='word_1_171' title='bbox 934 2105 978 2149; x_wconf 88' lang='lat' dir='ltr'>an</span> <span class='ocrx_word' id='word_1_172' title='bbox 989 2078 1030 2151; x_wconf 93' lang='lat' dir='ltr'>de</span> <span class='ocrx_word' id='word_1_173' title='bbox 1042 2083 1156 2150; x_wconf 80' lang='lat' dir='ltr'>ritibus</span> <span class='ocrx_word' id='word_1_174' title='bbox 1168 2100 1207 2149; x_wconf 80' lang='lat' dir='ltr'>ac</span> <span class='ocrx_word' id='word_1_175' title='bbox 1221 2100 1291 2148; x_wconf 87' lang='lat' dir='ltr'>cae-</span> <span class='ocrx_word' id='word_1_176' title='bbox 1326 2084 1460 2173; x_wconf 74' lang='lat' dir='ltr'>fimueu</span> <span class='ocrx_word' id='word_1_177' title='bbox 1475 2104 1513 2148; x_wconf 83' lang='lat' dir='ltr'>ex</span> <span class='ocrx_word' id='word_1_178' title='bbox 1532 2082 1643 2168; x_wconf 73' lang='lat' dir='ltr'>muffuli</span> <span class='ocrx_word' id='word_1_179' title='bbox 1655 2104 1804 2162; x_wconf 79' lang='lat' dir='ltr'>romano,</span> <span class='ocrx_word' id='word_1_180' title='bbox 1824 2085 1862 2154; x_wconf 64' lang='grc' dir='ltr'>θ’</span> <span class='ocrx_word' id='word_1_181' title='bbox 1875 2087 2069 2170; x_wconf 79' lang='lat' dir='ltr'>percoufide-</span> 
     </span>
     <span class='ocr_line' id='line_1_17' title="bbox 557 2164 2067 2324; baseline 0.003 -88"><span class='ocrx_word' id='word_1_182' title='bbox 557 2172 707 2273; x_wconf 72' lang='lat' dir='ltr'>timoniis</span> <span class='ocrx_word' id='word_1_183' title='bbox 721 2167 944 2272; x_wconf 73' lang='lat' dir='ltr'>ecclesiasticis,</span> <span class='ocrx_word' id='word_1_184' title='bbox 959 2167 1062 2271; x_wconf 75' lang='lat' dir='ltr'>deque</span> <span class='ocrx_word' id='word_1_185' title='bbox 1074 2170 1173 2272; x_wconf 71' lang='lat' dir='ltr'>libris,</span> <span class='ocrx_word' id='word_1_186' title='bbox 1182 2164 1291 2324; x_wconf 53' lang='lat' dir='ltr'>guida</span> <span class='ocrx_word' id='word_1_187' title='bbox 1333 2171 1471 2271; x_wconf 73' lang='lat' dir='ltr'>rationes</span> <span class='ocrx_word' id='word_1_188' title='bbox 1474 2171 1762 2270; x_wconf 61' lang='lat' dir='ltr'>stupeuvnoquoque</span> <span class='ocrx_word' id='word_1_189' title='bbox 1772 2171 1883 2254; x_wconf 81' lang='lat' dir='ltr'>cupite,</span> <span class='ocrx_word' id='word_1_190' title='bbox 1900 2172 2067 2259; x_wconf 88' lang='lat' dir='ltr'>inscripto,</span> 
     </span>
     <span class='ocr_line' id='line_1_18' title="bbox 555 2254 2068 2442; baseline -0.001 -27"><span class='ocrx_word' id='word_1_191' title='bbox 555 2255 1290 2420; x_wconf 46' lang='lat' dir='ltr'>scissilis}’stillbl‘sllzl‘sslllff</span> <span class='ocrx_word' id='word_1_192' title='bbox 1331 2254 2068 2442; x_wconf 55' lang='lat' dir='ltr'>tsss‘zllfqtsslsisslsssliul:</span> 
     </span>
     <span class='ocr_line' id='line_1_19' title="bbox 556 2428 2068 2519; baseline 0.003 -20"><span class='ocrx_word' id='word_1_193' title='bbox 556 2451 599 2499; x_wconf 79' lang='lat' dir='ltr'>nt</span> <span class='ocrx_word' id='word_1_194' title='bbox 621 2430 711 2498; x_wconf 88' lang='lat' dir='ltr'>adeat</span> <span class='ocrx_word' id='word_1_195' title='bbox 725 2430 961 2519; x_wconf 64' lang='lat' dir='ltr'>dffertutionem</span> <span class='ocrx_word' id='word_1_196' title='bbox 977 2432 1232 2517; x_wconf 62' lang='lat' dir='ltr'>praeliminares»</span> <span class='ocrx_word' id='word_1_197' title='bbox 1252 2431 1290 2497; x_wconf 80' lang='lat' dir='ltr'>de</span> <span class='ocrx_word' id='word_1_198' title='bbox 1333 2452 1449 2499; x_wconf 82' lang='lat' dir='ltr'>manae</span> <span class='ocrx_word' id='word_1_199' title='bbox 1463 2428 1655 2499; x_wconf 77' lang='lat' dir='ltr'>ecclesiaein</span> <span class='ocrx_word' id='word_1_200' title='bbox 1670 2429 1754 2498; x_wconf 85' lang='lat' dir='ltr'>lusce</span> <span class='ocrx_word' id='word_1_201' title='bbox 1768 2434 1924 2518; x_wconf 82' lang='lat' dir='ltr'>capitibus</span> <span class='ocrx_word' id='word_1_202' title='bbox 1938 2432 2068 2503; x_wconf 83' lang='lat' dir='ltr'>refutari</span> 
     </span>
     <span class='ocr_line' id='line_1_20' title="bbox 553 2513 2109 2608; baseline 0.004 -25"><span class='ocrx_word' id='word_1_203' title='bbox 553 2521 621 2584; x_wconf 84' lang='lat' dir='ltr'>iure</span> <span class='ocrx_word' id='word_1_204' title='bbox 641 2519 844 2607; x_wconf 76' lang='lat' dir='ltr'>liturgiarum</span> <span class='ocrx_word' id='word_1_205' title='bbox 859 2518 1069 2606; x_wconf 72' lang='lat' dir='ltr'>ecclesiastice,</span> <span class='ocrx_word' id='word_1_206' title='bbox 1089 2516 1290 2608; x_wconf 77' lang='lat' dir='ltr'>praemiss&#39;am</span> <span class='ocrx_word' id='word_1_207' title='bbox 1332 2517 1438 2608; x_wconf 84' lang='lat' dir='ltr'>posse,</span> <span class='ocrx_word' id='word_1_208' title='bbox 1454 2513 1614 2594; x_wconf 72' lang='lat' dir='ltr'>ostendite</span> <span class='ocrx_word' id='word_1_209' title='bbox 1648 2539 1846 2604; x_wconf 89' lang='lat' dir='ltr'>quamquam</span> <span class='ocrx_word' id='word_1_210' title='bbox 1865 2521 1902 2587; x_wconf 93' lang='lat' dir='ltr'>in</span> <span class='ocrx_word' id='word_1_211' title='bbox 1918 2519 2067 2589; x_wconf 77' lang='lat' dir='ltr'>doctrina</span> <span class='ocrx_word' id='word_1_212' title='bbox 2104 2588 2109 2598; x_wconf 75' lang='grc'><strong>,</strong></span> 
     </span>
     <span class='ocr_line' id='line_1_21' title="bbox 555 2602 2068 2699; baseline 0.001 -25"><span class='ocrx_word' id='word_1_213' title='bbox 555 2603 700 2675; x_wconf 84' lang='lat' dir='ltr'>eiusdem</span> <span class='ocrx_word' id='word_1_214' title='bbox 715 2623 803 2675; x_wconf 79' lang='lat' dir='ltr'>tomo</span> <span class='ocrx_word' id='word_1_215' title='bbox 818 2609 910 2674; x_wconf 81' lang='lat' dir='ltr'>terrie</span> <span class='ocrx_word' id='word_1_216' title='bbox 932 2609 1011 2673; x_wconf 83' lang='lat' dir='ltr'>iuris</span> <span class='ocrx_word' id='word_1_217' title='bbox 1029 2607 1210 2699; x_wconf 72' lang='lat' dir='ltr'>ecclesiastici</span> <span class='ocrx_word' id='word_1_218' title='bbox 1216 2623 1292 2692; x_wconf 81' lang='lat' dir='ltr'>pro-</span> <span class='ocrx_word' id='word_1_219' title='bbox 1336 2604 1377 2675; x_wconf 85' lang='lat' dir='ltr'>de</span> <span class='ocrx_word' id='word_1_220' title='bbox 1390 2606 1476 2673; x_wconf 90' lang='lat' dir='ltr'>sacra</span> <span class='ocrx_word' id='word_1_221' title='bbox 1489 2602 1692 2686; x_wconf 82' lang='lat' dir='ltr'>eucharistia,</span> <span class='ocrx_word' id='word_1_222' title='bbox 1705 2604 1778 2675; x_wconf 84' lang='lat' dir='ltr'>suae</span> <span class='ocrx_word' id='word_1_223' title='bbox 1785 2651 1796 2688; x_wconf 90' lang='lat'>,</span> <span class='ocrx_word' id='word_1_224' title='bbox 1814 2605 1879 2675; x_wconf 88' lang='lat' dir='ltr'>hoc</span> <span class='ocrx_word' id='word_1_225' title='bbox 1893 2605 1954 2689; x_wconf 79' lang='lat' dir='ltr'>est,</span> <span class='ocrx_word' id='word_1_226' title='bbox 1967 2609 2068 2676; x_wconf 88' lang='lat' dir='ltr'>resor-</span> 
     </span>
     <span class='ocr_line' id='line_1_22' title="bbox 528 2689 2099 2782; baseline 0.001 -23"><span class='ocrx_word' id='word_1_227' title='bbox 528 2768 531 2772; x_wconf 15' lang='grc' dir='ltr'><em>Α</em></span> <span class='ocrx_word' id='word_1_228' title='bbox 555 2693 731 2782; x_wconf 67' lang='lat' dir='ltr'>testantium</span> <span class='ocrx_word' id='word_1_229' title='bbox 749 2697 814 2766; x_wconf 71' lang='lat' dir='ltr'>&amp;a</span> <span class='ocrx_word' id='word_1_230' title='bbox 1334 2689 1895 2776; x_wconf 82' lang='lat' dir='ltr'>mataeecclesraeseutentiaesaueat,</span> <span class='ocrx_word' id='word_1_231' title='bbox 1910 2698 2068 2765; x_wconf 86' lang='lat' dir='ltr'>multaet·</span> <span class='ocrx_word' id='word_1_232' title='bbox 2097 2757 2099 2761; x_wconf 87' lang='lat'>.</span> 
     </span>
     <span class='ocr_line' id='line_1_23' title="bbox 647 2775 2068 2870; baseline 0.005 -24"><span class='ocrx_word' id='word_1_233' title='bbox 647 2782 729 2846; x_wconf 86' lang='lat' dir='ltr'>Sunt</span> <span class='ocrx_word' id='word_1_234' title='bbox 737 2801 815 2848; x_wconf 84' lang='lat' dir='ltr'>veto</span> <span class='ocrx_word' id='word_1_235' title='bbox 829 2780 864 2848; x_wconf 76' lang='grc' dir='ltr'>ἀ</span> <span class='ocrx_word' id='word_1_236' title='bbox 878 2780 959 2846; x_wconf 90' lang='lat' dir='ltr'>aliae</span> <span class='ocrx_word' id='word_1_237' title='bbox 976 2779 1100 2847; x_wconf 77' lang='lat' dir='ltr'>caussae</span> <span class='ocrx_word' id='word_1_238' title='bbox 1112 2821 1124 2860; x_wconf 91' lang='lat'>,</span> <span class='ocrx_word' id='word_1_239' title='bbox 1151 2777 1195 2845; x_wconf 91' lang='lat' dir='ltr'>ob</span> <span class='ocrx_word' id='word_1_240' title='bbox 1210 2799 1290 2864; x_wconf 83' lang='lat' dir='ltr'>quat</span> <span class='ocrx_word' id='word_1_241' title='bbox 1332 2783 1411 2863; x_wconf 90' lang='lat' dir='ltr'>iam,</span> <span class='ocrx_word' id='word_1_242' title='bbox 1418 2801 1501 2866; x_wconf 86' lang='lat' dir='ltr'>quae</span> <span class='ocrx_word' id='word_1_243' title='bbox 1509 2777 1615 2847; x_wconf 84' lang='lat' dir='ltr'>adhue</span> <span class='ocrx_word' id='word_1_244' title='bbox 1623 2776 1697 2847; x_wconf 88' lang='lat' dir='ltr'>addi</span> <span class='ocrx_word' id='word_1_245' title='bbox 1709 2775 1839 2866; x_wconf 84' lang='lat' dir='ltr'>possint,</span> <span class='ocrx_word' id='word_1_246' title='bbox 1852 2783 1922 2851; x_wconf 86' lang='lat' dir='ltr'>aliis</span> <span class='ocrx_word' id='word_1_247' title='bbox 1934 2784 2068 2870; x_wconf 85' lang='lat' dir='ltr'>relique-</span> 
     </span>
     <span class='ocr_line' id='line_1_24' title="bbox 557 2864 2067 2952; baseline 0.003 -18"><span class='ocrx_word' id='word_1_248' title='bbox 557 2867 716 2934; x_wconf 88' lang='lat' dir='ltr'>librorum</span> <span class='ocrx_word' id='word_1_249' title='bbox 730 2865 888 2936; x_wconf 83' lang='lat' dir='ltr'>eiusmodi</span> <span class='ocrx_word' id='word_1_250' title='bbox 904 2864 1183 2934; x_wconf 83' lang='lat' dir='ltr'>ecclesiasticorum</span> <span class='ocrx_word' id='word_1_251' title='bbox 1202 2869 1289 2933; x_wconf 92' lang='lat' dir='ltr'>noti·</span> <span class='ocrx_word' id='word_1_252' title='bbox 1332 2871 1386 2936; x_wconf 89' lang='lat' dir='ltr'>rit.</span> <span class='ocrx_word' id='word_1_253' title='bbox 1409 2887 1507 2935; x_wconf 76' lang='lat' dir='ltr'>nau.</span> <span class='ocrx_word' id='word_1_254' title='bbox 1520 2887 1659 2934; x_wconf 73' lang='lat' dir='ltr'>suurn.</span> <span class='ocrx_word' id='word_1_255' title='bbox 1677 2888 1943 2952; x_wconf 75' lang='lat' dir='ltr'>scvururvu,</span> <span class='ocrx_word' id='word_1_256' title='bbox 1962 2871 2067 2938; x_wconf 87' lang='lat' dir='ltr'>Ham-</span> 
     </span>
     <span class='ocr_line' id='line_1_25' title="bbox 556 2950 2068 3044; baseline 0.001 -20"><span class='ocrx_word' id='word_1_257' title='bbox 556 2957 602 3024; x_wconf 91' lang='lat' dir='ltr'>tia</span> <span class='ocrx_word' id='word_1_258' title='bbox 617 2953 800 3043; x_wconf 86' lang='lat' dir='ltr'>theologiae</span> <span class='ocrx_word' id='word_1_259' title='bbox 821 2953 1002 3021; x_wconf 78' lang='lat' dir='ltr'>cultoribus</span> <span class='ocrx_word' id='word_1_260' title='bbox 1024 2950 1288 3021; x_wconf 83' lang='lat' dir='ltr'>commendanda</span> <span class='ocrx_word' id='word_1_261' title='bbox 1330 2952 1518 3042; x_wconf 73' lang='lat' dir='ltr'>burgensem</span> <span class='ocrx_word' id='word_1_262' title='bbox 1523 2999 1535 3036; x_wconf 89' lang='lat'>,</span> <span class='ocrx_word' id='word_1_263' title='bbox 1557 2955 1601 3020; x_wconf 89' lang='lat' dir='ltr'>ob</span> <span class='ocrx_word' id='word_1_264' title='bbox 1622 2956 1709 3022; x_wconf 87' lang='lat' dir='ltr'>varia</span> <span class='ocrx_word' id='word_1_265' title='bbox 1727 2956 1850 3044; x_wconf 87' lang='lat' dir='ltr'>ingenii</span> <span class='ocrx_word' id='word_1_266' title='bbox 1870 2979 2068 3025; x_wconf 87' lang='lat' dir='ltr'>monumen·</span> 
     </span>
     <span class='ocr_line' id='line_1_26' title="bbox 555 3037 2067 3128; baseline 0.001 -18"><span class='ocrx_word' id='word_1_267' title='bbox 555 3046 656 3111; x_wconf 87' lang='lat' dir='ltr'>venit.</span> <span class='ocrx_word' id='word_1_268' title='bbox 700 3044 835 3110; x_wconf 83' lang='lat' dir='ltr'>Fontem</span> <span class='ocrx_word' id='word_1_269' title='bbox 848 3045 936 3111; x_wconf 86' lang='lat' dir='ltr'>enim</span> <span class='ocrx_word' id='word_1_270' title='bbox 949 3062 1019 3107; x_wconf 93' lang='lat' dir='ltr'>non</span> <span class='ocrx_word' id='word_1_271' title='bbox 1039 3058 1166 3108; x_wconf 90' lang='lat' dir='ltr'>tantum</span> <span class='ocrx_word' id='word_1_272' title='bbox 1179 3043 1288 3108; x_wconf 82' lang='lat' dir='ltr'>omnia</span> <span class='ocrx_word' id='word_1_273' title='bbox 1332 3061 1365 3111; x_wconf 90' lang='lat' dir='ltr'>ta</span> <span class='ocrx_word' id='word_1_274' title='bbox 1385 3037 1649 3128; x_wconf 87' lang='lat' dir='ltr'>haudignotum,</span> <span class='ocrx_word' id='word_1_275' title='bbox 1668 3041 1787 3108; x_wconf 86' lang='lat' dir='ltr'>librum</span> <span class='ocrx_word' id='word_1_276' title='bbox 1800 3043 1837 3108; x_wconf 83' lang='lat' dir='ltr'>de</span> <span class='ocrx_word' id='word_1_277' title='bbox 1853 3046 2009 3110; x_wconf 81' lang='lat' dir='ltr'>erroribus</span> <span class='ocrx_word' id='word_1_278' title='bbox 2021 3068 2067 3112; x_wconf 82' lang='lat' dir='ltr'>ee·</span> 
     </span>
     <span class='ocr_line' id='line_1_27' title="bbox 556 3127 2067 3220; baseline 0.001 -24"><span class='ocrx_word' id='word_1_279' title='bbox 556 3127 1289 3218; x_wconf 82' lang='lat' dir='ltr'>antiquitatisecclesiastieaelongevberrimum</span> <span class='ocrx_word' id='word_1_280' title='bbox 1331 3129 1434 3215; x_wconf 73' lang='lat' dir='ltr'>crestae</span> <span class='ocrx_word' id='word_1_281' title='bbox 1446 3127 2067 3220; x_wconf 73' lang='lat' dir='ltr'>romanae,exlibriseurumecclefiusticir</span> 
     </span>
     <span class='ocr_line' id='line_1_28' title="bbox 555 3212 2066 3305; baseline 0.002 -20"><span class='ocrx_word' id='word_1_282' title='bbox 555 3220 652 3286; x_wconf 86' lang='lat' dir='ltr'>nobis</span> <span class='ocrx_word' id='word_1_283' title='bbox 669 3217 889 3304; x_wconf 84' lang='lat' dir='ltr'>suppeditant,</span> <span class='ocrx_word' id='word_1_284' title='bbox 903 3212 971 3298; x_wconf 87' lang='lat' dir='ltr'>sed,</span> <span class='ocrx_word' id='word_1_285' title='bbox 987 3214 1077 3305; x_wconf 91' lang='lat' dir='ltr'>quod</span> <span class='ocrx_word' id='word_1_286' title='bbox 1090 3218 1220 3283; x_wconf 83' lang='lat' dir='ltr'>maioris</span> <span class='ocrx_word' id='word_1_287' title='bbox 1232 3212 1289 3282; x_wconf 84' lang='lat' dir='ltr'>ad-</span> <span class='ocrx_word' id='word_1_288' title='bbox 1331 3216 1555 3305; x_wconf 78' lang='lat' dir='ltr'>dmnstrutis,</span> <span class='ocrx_word' id='word_1_289' title='bbox 1569 3214 1812 3298; x_wconf 82' lang='lat' dir='ltr'>ederevoluiffe,</span> <span class='ocrx_word' id='word_1_290' title='bbox 1825 3238 1986 3286; x_wconf 88' lang='lat' dir='ltr'>memorat</span> <span class='ocrx_word' id='word_1_291' title='bbox 1995 3241 2066 3288; x_wconf 71' lang='lat' dir='ltr'>auc.</span> 
     </span>
     <span class='ocr_line' id='line_1_29' title="bbox 555 3301 2065 3390; baseline 0 -18"><span class='ocrx_word' id='word_1_292' title='bbox 555 3303 624 3372; x_wconf 89' lang='lat' dir='ltr'>huc</span> <span class='ocrx_word' id='word_1_293' title='bbox 638 3305 799 3371; x_wconf 88' lang='lat' dir='ltr'>momenti</span> <span class='ocrx_word' id='word_1_294' title='bbox 812 3301 869 3383; x_wconf 89' lang='lat' dir='ltr'>est,</span> <span class='ocrx_word' id='word_1_295' title='bbox 883 3321 1026 3370; x_wconf 87' lang='lat' dir='ltr'>mentem</span> <span class='ocrx_word' id='word_1_296' title='bbox 1034 3302 1290 3388; x_wconf 87' lang='lat' dir='ltr'>sententiamque</span> <span class='ocrx_word' id='word_1_297' title='bbox 1334 3327 1449 3373; x_wconf 71' lang='lat' dir='ltr'>narn.</span> <span class='ocrx_word' id='word_1_298' title='bbox 1463 3327 1548 3371; x_wconf 80' lang='lat' dir='ltr'>trra</span> <span class='ocrx_word' id='word_1_299' title='bbox 1557 3323 1634 3371; x_wconf 75' lang='lat' dir='ltr'>aru</span> <span class='ocrx_word' id='word_1_300' title='bbox 1646 3306 1682 3370; x_wconf 91' lang='lat' dir='ltr'>in</span> <span class='ocrx_word' id='word_1_301' title='bbox 1690 3303 1913 3390; x_wconf 73' lang='lat' dir='ltr'>schediasmate</span> <span class='ocrx_word' id='word_1_302' title='bbox 1926 3305 1964 3371; x_wconf 83' lang='lat' dir='ltr'>de</span> <span class='ocrx_word' id='word_1_303' title='bbox 1975 3307 2065 3372; x_wconf 74' lang='lat' dir='ltr'>libris</span> 
     </span>
     <span class='ocr_line' id='line_1_30' title="bbox 554 3384 2064 3479; baseline 0.003 -21"><span class='ocrx_word' id='word_1_304' title='bbox 554 3394 668 3458; x_wconf 82' lang='lat' dir='ltr'>vetetis</span> <span class='ocrx_word' id='word_1_305' title='bbox 688 3387 835 3458; x_wconf 79' lang='lat' dir='ltr'>ecclesiae</span> <span class='ocrx_word' id='word_1_306' title='bbox 857 3385 897 3457; x_wconf 89' lang='lat' dir='ltr'>de</span> <span class='ocrx_word' id='word_1_307' title='bbox 916 3384 1104 3475; x_wconf 76' lang='lat' dir='ltr'>grauissimis</span> <span class='ocrx_word' id='word_1_308' title='bbox 1122 3386 1289 3456; x_wconf 71' lang='lat' dir='ltr'>dodrinae</span> <span class='ocrx_word' id='word_1_309' title='bbox 1333 3389 1733 3479; x_wconf 72' lang='lat' dir='ltr'>Latinorum‘eccsefiustieis,</span> <span class='ocrx_word' id='word_1_310' title='bbox 1744 3411 1779 3478; x_wconf 87' lang='lat' dir='ltr'>p.</span> <span class='ocrx_word' id='word_1_311' title='bbox 1794 3413 1832 3477; x_wconf 81' lang='lat'>¹5·</span> <span class='ocrx_word' id='word_1_312' title='bbox 1882 3393 2064 3462; x_wconf 80' lang='lat' dir='ltr'>Anverois</span> 
     </span>
     <span class='ocr_line' id='line_1_31' title="bbox 554 3473 2065 3564; baseline 0.004 -22"><span class='ocrx_word' id='word_1_313' title='bbox 554 3477 659 3545; x_wconf 86' lang='lat' dir='ltr'>sacrae</span> <span class='ocrx_word' id='word_1_314' title='bbox 670 3477 840 3564; x_wconf 88' lang='lat' dir='ltr'>capitibus,</span> <span class='ocrx_word' id='word_1_315' title='bbox 855 3473 895 3544; x_wconf 93' lang='lat' dir='ltr'>de</span> <span class='ocrx_word' id='word_1_316' title='bbox 908 3477 1023 3561; x_wconf 84' lang='lat' dir='ltr'>quibus</span> <span class='ocrx_word' id='word_1_317' title='bbox 1034 3492 1103 3544; x_wconf 91' lang='lat' dir='ltr'>tam</span> <span class='ocrx_word' id='word_1_318' title='bbox 1115 3473 1288 3543; x_wconf 84' lang='lat' dir='ltr'>vehemen-</span> <span class='ocrx_word' id='word_1_319' title='bbox 1329 3479 1436 3547; x_wconf 88' lang='lat' dir='ltr'>lucem</span> <span class='ocrx_word' id='word_1_320' title='bbox 1447 3473 1638 3564; x_wconf 75' lang='lat' dir='ltr'>adspexerit?</span> <span class='ocrx_word' id='word_1_321' title='bbox 1662 3476 1742 3544; x_wconf 89' lang='lat' dir='ltr'>mihi</span> <span class='ocrx_word' id='word_1_322' title='bbox 1755 3502 1824 3546; x_wconf 93' lang='lat' dir='ltr'>non</span> <span class='ocrx_word' id='word_1_323' title='bbox 1834 3479 1972 3549; x_wconf 82' lang='lat' dir='ltr'>constat.</span> <span class='ocrx_word' id='word_1_324' title='bbox 1999 3482 2065 3548; x_wconf 87' lang='lat' dir='ltr'>Lu·</span> 
     </span>
     <span class='ocr_line' id='line_1_32' title="bbox 555 3558 2065 3656; baseline 0.004 -26"><span class='ocrx_word' id='word_1_325' title='bbox 555 3582 604 3631; x_wconf 84' lang='lat' dir='ltr'>ter</span> <span class='ocrx_word' id='word_1_326' title='bbox 616 3560 715 3633; x_wconf 90' lang='lat' dir='ltr'>hodie</span> <span class='ocrx_word' id='word_1_327' title='bbox 728 3561 923 3654; x_wconf 87' lang='lat' dir='ltr'>disputatur,</span> <span class='ocrx_word' id='word_1_328' title='bbox 939 3563 1116 3631; x_wconf 88' lang='lat' dir='ltr'>luculenter</span> <span class='ocrx_word' id='word_1_329' title='bbox 1128 3560 1287 3651; x_wconf 87' lang='lat' dir='ltr'>pandunt.</span> <span class='ocrx_word' id='word_1_330' title='bbox 1330 3558 1550 3644; x_wconf 87' lang='lat' dir='ltr'>eulentiffime,</span> <span class='ocrx_word' id='word_1_331' title='bbox 1565 3580 1723 3651; x_wconf 87' lang='lat' dir='ltr'>quantum</span> <span class='ocrx_word' id='word_1_332' title='bbox 1729 3565 2065 3656; x_wconf 85' lang='lat' dir='ltr'>momentumindog·</span> 
     </span>
    </p>
   </div>
   <div class='ocr_carea' id='block_1_3' title="bbox 554 3647 2068 3805">
    <p class='ocr_par' dir='ltr' id='par_1_3' title="bbox 554 3647 2068 3805">
     <span class='ocr_line' id='line_1_33' title="bbox 554 3647 2068 3805; baseline 0.002 -87"><span class='ocrx_word' id='word_1_333' title='bbox 554 3650 657 3718; x_wconf 82' lang='lat' dir='ltr'>Facile</span> <span class='ocrx_word' id='word_1_334' title='bbox 664 3648 964 3738; x_wconf 69' lang='lat' dir='ltr'>namquehadienus</span> <span class='ocrx_word' id='word_1_335' title='bbox 972 3649 1189 3731; x_wconf 78' lang='lat' dir='ltr'>concesserint,</span> <span class='ocrx_word' id='word_1_336' title='bbox 1197 3648 1287 3737; x_wconf 89' lang='lat' dir='ltr'>quod</span> <span class='ocrx_word' id='word_1_337' title='bbox 1329 3653 1467 3720; x_wconf 82' lang='lat' dir='ltr'>matibus</span> <span class='ocrx_word' id='word_1_338' title='bbox 1480 3647 1671 3738; x_wconf 84' lang='lat' dir='ltr'>theologicis</span> <span class='ocrx_word' id='word_1_339' title='bbox 1686 3649 1829 3805; x_wconf 54' lang='lat' dir='ltr'>liturgiae</span> <span class='ocrx_word' id='word_1_340' title='bbox 1843 3651 1988 3736; x_wconf 87' lang='lat' dir='ltr'>trahant,</span> <span class='ocrx_word' id='word_1_341' title='bbox 2008 3677 2068 3742; x_wconf 82' lang='lat' dir='ltr'>pa·</span> 
     </span>
    </p>
   </div>
   <div class='ocr_carea' id='block_1_4' title="bbox 550 3734 2106 4862">
    <p class='ocr_par' dir='ltr' id='par_1_4' title="bbox 550 3734 2106 4793">
     <span class='ocr_line' id='line_1_34' title="bbox 556 3734 2063 3828; baseline 0 -21"><span class='ocrx_word' id='word_1_342' title='bbox 556 3758 693 3807; x_wconf 78' lang='lat' dir='ltr'>arasa.</span> <span class='ocrx_word' id='word_1_343' title='bbox 718 3756 1040 3819; x_wconf 80' lang='lat' dir='ltr'>anuaroorrvs,</span> <span class='ocrx_word' id='word_1_344' title='bbox 1064 3735 1105 3807; x_wconf 88' lang='lat' dir='ltr'>de</span> <span class='ocrx_word' id='word_1_345' title='bbox 1128 3739 1285 3825; x_wconf 87' lang='lat' dir='ltr'>liturgiis,</span> <span class='ocrx_word' id='word_1_346' title='bbox 1330 3742 1391 3807; x_wconf 90' lang='lat' dir='ltr'>tuit</span> <span class='ocrx_word' id='word_1_347' title='bbox 1404 3742 1438 3806; x_wconf 92' lang='lat' dir='ltr'>in</span> <span class='ocrx_word' id='word_1_348' title='bbox 1450 3734 1669 3807; x_wconf 79' lang='lat' dir='ltr'>controuersia</span> <span class='ocrx_word' id='word_1_349' title='bbox 1684 3737 1742 3806; x_wconf 87' lang='lat' dir='ltr'>ista</span> <span class='ocrx_word' id='word_1_350' title='bbox 1777 3760 1796 3807; x_wconf 87' lang='lat' dir='ltr'>e</span> <span class='ocrx_word' id='word_1_351' title='bbox 1808 3741 2015 3825; x_wconf 78' lang='lat' dir='ltr'>perpetuitate</span> <span class='ocrx_word' id='word_1_352' title='bbox 2021 3742 2063 3828; x_wconf 86' lang='lat' dir='ltr'>fi-</span> 
     </span>
     <span class='ocr_line' id='line_1_35' title="bbox 555 3822 2063 3912; baseline 0.005 -21"><span class='ocrx_word' id='word_1_353' title='bbox 555 3845 638 3912; x_wconf 90' lang='lat' dir='ltr'>quae</span> <span class='ocrx_word' id='word_1_354' title='bbox 651 3828 737 3893; x_wconf 90' lang='lat' dir='ltr'>inter</span> <span class='ocrx_word' id='word_1_355' title='bbox 755 3826 854 3892; x_wconf 87' lang='lat' dir='ltr'>libros</span> <span class='ocrx_word' id='word_1_356' title='bbox 868 3822 1090 3894; x_wconf 79' lang='lat' dir='ltr'>ecclesiasticos</span> <span class='ocrx_word' id='word_1_357' title='bbox 1110 3824 1164 3893; x_wconf 90' lang='lat' dir='ltr'>hic</span> <span class='ocrx_word' id='word_1_358' title='bbox 1183 3827 1285 3892; x_wconf 83' lang='lat' dir='ltr'>maxi·</span> <span class='ocrx_word' id='word_1_359' title='bbox 1328 3829 1378 3894; x_wconf 81' lang='lat' dir='ltr'>dei</span> <span class='ocrx_word' id='word_1_360' title='bbox 1389 3830 1426 3893; x_wconf 91' lang='lat' dir='ltr'>in</span> <span class='ocrx_word' id='word_1_361' title='bbox 1442 3822 1590 3894; x_wconf 75' lang='lat' dir='ltr'>doctrina</span> <span class='ocrx_word' id='word_1_362' title='bbox 1604 3822 1645 3892; x_wconf 89' lang='lat' dir='ltr'>de</span> <span class='ocrx_word' id='word_1_363' title='bbox 1659 3823 1746 3892; x_wconf 88' lang='lat' dir='ltr'>sacra</span> <span class='ocrx_word' id='word_1_364' title='bbox 1759 3823 1962 3910; x_wconf 81' lang='lat' dir='ltr'>eucharistia,</span> <span class='ocrx_word' id='word_1_365' title='bbox 1976 3831 2063 3898; x_wconf 91' lang='lat' dir='ltr'>inter</span> 
     </span>
     <span class='ocr_line' id='line_1_36' title="bbox 556 3911 2062 3997; baseline 0 -17"><span class='ocrx_word' id='word_1_366' title='bbox 556 3933 611 3980; x_wconf 89' lang='lat' dir='ltr'>me</span> <span class='ocrx_word' id='word_1_367' title='bbox 628 3914 663 3978; x_wconf 86' lang='lat' dir='ltr'>in</span> <span class='ocrx_word' id='word_1_368' title='bbox 683 3913 812 3980; x_wconf 88' lang='lat' dir='ltr'>censum</span> <span class='ocrx_word' id='word_1_369' title='bbox 824 3913 980 3991; x_wconf 82' lang='lat' dir='ltr'>veniunt,</span> <span class='ocrx_word' id='word_1_370' title='bbox 1003 3914 1212 3997; x_wconf 88' lang='lat' dir='ltr'>pronuntiat,</span> <span class='ocrx_word' id='word_1_371' title='bbox 1233 3931 1285 3979; x_wconf 85' lang='lat' dir='ltr'>eas</span> <span class='ocrx_word' id='word_1_372' title='bbox 1328 3934 1441 3982; x_wconf 76' lang='lat' dir='ltr'>roan.</span> <span class='ocrx_word' id='word_1_373' title='bbox 1457 3931 1690 3994; x_wconf 72' lang='lat' dir='ltr'>convolvis,</span> <span class='ocrx_word' id='word_1_374' title='bbox 1712 3911 1747 3979; x_wconf 82' lang='lat' dir='ltr'>dc</span> <span class='ocrx_word' id='word_1_375' title='bbox 1762 3932 1877 3982; x_wconf 78' lang='lat' dir='ltr'>asra.</span> <span class='ocrx_word' id='word_1_376' title='bbox 1892 3935 2062 3983; x_wconf 79' lang='lat' dir='ltr'>urcoor.</span> 
     </span>
     <span class='ocr_line' id='line_1_37' title="bbox 554 3997 2061 4086; baseline 0.002 -21"><span class='ocrx_word' id='word_1_377' title='bbox 554 4003 637 4066; x_wconf 82' lang='lat' dir='ltr'>inter</span> <span class='ocrx_word' id='word_1_378' title='bbox 648 3999 766 4085; x_wconf 80' lang='lat' dir='ltr'>reliqua</span> <span class='ocrx_word' id='word_1_379' title='bbox 780 3997 1287 4086; x_wconf 64' lang='lat' dir='ltr'>ecclfiusticumonumentumuxi·</span> <span class='ocrx_word' id='word_1_380' title='bbox 1329 4022 1386 4069; x_wconf 73' lang='lat' dir='ltr'>vra</span> <span class='ocrx_word' id='word_1_381' title='bbox 1398 4001 1747 4081; x_wconf 80' lang='lat' dir='ltr'>orta,abaurou10</span> <span class='ocrx_word' id='word_1_382' title='bbox 1764 4021 1983 4085; x_wconf 73' lang='lat' dir='ltr'>auuaboo,</span> <span class='ocrx_word' id='word_1_383' title='bbox 2002 4002 2061 4068; x_wconf 87' lang='lat' dir='ltr'>ali-</span> 
     </span>
     <span class='ocr_line' id='line_1_38' title="bbox 553 4086 2059 4177; baseline 0.004 -25"><span class='ocrx_word' id='word_1_384' title='bbox 553 4107 640 4152; x_wconf 78' lang='lat' dir='ltr'>mum</span> <span class='ocrx_word' id='word_1_385' title='bbox 653 4086 788 4153; x_wconf 84' lang='lat' dir='ltr'>obtinere</span> <span class='ocrx_word' id='word_1_386' title='bbox 806 4087 1024 4152; x_wconf 68' lang='lat' dir='ltr'>uuuurieuem</span> <span class='ocrx_word' id='word_1_387' title='bbox 1037 4087 1187 4172; x_wconf 72' lang='lat' dir='ltr'>(quippe)</span> <span class='ocrx_word' id='word_1_388' title='bbox 1206 4105 1286 4170; x_wconf 83' lang='lat' dir='ltr'>quue</span> <span class='ocrx_word' id='word_1_389' title='bbox 1327 4090 1420 4175; x_wconf 88' lang='lat' dir='ltr'>isque</span> <span class='ocrx_word' id='word_1_390' title='bbox 1434 4088 1653 4168; x_wconf 80' lang='lat' dir='ltr'>continuata,-</span> <span class='ocrx_word' id='word_1_391' title='bbox 1681 4109 1815 4158; x_wconf 88' lang='lat' dir='ltr'>omnem</span> <span class='ocrx_word' id='word_1_392' title='bbox 1836 4086 2059 4177; x_wconf 76' lang='lat' dir='ltr'>quippe-hinc</span> 
     </span>
     <span class='ocr_line' id='line_1_39' title="bbox 555 4170 2060 4259; baseline 0.005 -22"><span class='ocrx_word' id='word_1_393' title='bbox 555 4175 651 4238; x_wconf 81' lang='lat' dir='ltr'>totius</span> <span class='ocrx_word' id='word_1_394' title='bbox 660 4172 880 4257; x_wconf 76' lang='lat' dir='ltr'>quodumdo</span> <span class='ocrx_word' id='word_1_395' title='bbox 892 4173 1025 4259; x_wconf 81' lang='lat' dir='ltr'>ecclefiue</span> <span class='ocrx_word' id='word_1_396' title='bbox 1035 4193 1142 4239; x_wconf 81' lang='lat' dir='ltr'>uocem</span> <span class='ocrx_word' id='word_1_397' title='bbox 1155 4172 1195 4244; x_wconf 58' lang='grc' dir='ltr'>ὅ</span> <span class='ocrx_word' id='word_1_398' title='bbox 1206 4170 1287 4259; x_wconf 78' lang='lat' dir='ltr'>testi·</span> <span class='ocrx_word' id='word_1_399' title='bbox 1328 4171 1582 4253; x_wconf 82' lang='lat' dir='ltr'>romanensibus,</span> <span class='ocrx_word' id='word_1_400' title='bbox 1597 4174 1689 4243; x_wconf 89' lang='lat' dir='ltr'>illinc</span> <span class='ocrx_word' id='word_1_401' title='bbox 1703 4175 1883 4243; x_wconf 82' lang='lat' dir='ltr'>reformatis</span> <span class='ocrx_word' id='word_1_402' title='bbox 1896 4178 2060 4245; x_wconf 86' lang='lat' dir='ltr'>mouenti-</span> 
     </span>
     <span class='ocr_line' id='line_1_40' title="bbox 554 4256 2060 4348; baseline 0.005 -24"><span class='ocrx_word' id='word_1_403' title='bbox 554 4260 695 4326; x_wconf 62' lang='lat' dir='ltr'>monum</span> <span class='ocrx_word' id='word_1_404' title='bbox 709 4256 865 4341; x_wconf 80' lang='lat' dir='ltr'>exhibent,</span> <span class='ocrx_word' id='word_1_405' title='bbox 879 4263 955 4344; x_wconf 82' lang='lat' dir='ltr'>quiu</span> <span class='ocrx_word' id='word_1_406' title='bbox 966 4261 1081 4346; x_wconf 80' lang='lat' dir='ltr'>ubique</span> <span class='ocrx_word' id='word_1_407' title='bbox 1094 4259 1233 4346; x_wconf 75' lang='lat' dir='ltr'>cognitae</span> <span class='ocrx_word' id='word_1_408' title='bbox 1246 4259 1286 4331; x_wconf 68' lang='grc' dir='ltr'>θ’</span> <span class='ocrx_word' id='word_1_409' title='bbox 1330 4263 1389 4330; x_wconf 86' lang='lat' dir='ltr'>bue</span> <span class='ocrx_word' id='word_1_410' title='bbox 1402 4259 1554 4348; x_wconf 88' lang='lat' dir='ltr'>lapidem,</span> <span class='ocrx_word' id='word_1_411' title='bbox 1568 4258 1632 4328; x_wconf 81' lang='lat' dir='ltr'>illis</span> <span class='ocrx_word' id='word_1_412' title='bbox 1644 4263 1742 4330; x_wconf 91' lang='lat' dir='ltr'>etiarn</span> <span class='ocrx_word' id='word_1_413' title='bbox 1754 4260 1795 4331; x_wconf 92' lang='lat' dir='ltr'>ad</span> <span class='ocrx_word' id='word_1_414' title='bbox 1807 4281 1889 4331; x_wconf 83' lang='lat' dir='ltr'>artes</span> <span class='ocrx_word' id='word_1_415' title='bbox 1903 4266 2007 4331; x_wconf 85' lang='lat' dir='ltr'>varias</span> <span class='ocrx_word' id='word_1_416' title='bbox 2014 4264 2060 4332; x_wconf 89' lang='lat' dir='ltr'>se-</span> 
     </span>
     <span class='ocr_line' id='line_1_41' title="bbox 550 4346 2060 4439; baseline 0.007 -29"><span class='ocrx_word' id='word_1_417' title='bbox 550 4346 705 4432; x_wconf 77' lang='lat' dir='ltr'>probatae</span> <span class='ocrx_word' id='word_1_418' title='bbox 716 4347 811 4426; x_wconf 83' lang='lat' dir='ltr'>sunt,</span> <span class='ocrx_word' id='word_1_419' title='bbox 825 4346 864 4418; x_wconf 62' lang='grc' dir='ltr'>θ’</span> <span class='ocrx_word' id='word_1_420' title='bbox 878 4350 913 4414; x_wconf 84' lang='lat' dir='ltr'>in</span> <span class='ocrx_word' id='word_1_421' title='bbox 926 4347 989 4413; x_wconf 80' lang='lat' dir='ltr'>illis</span> <span class='ocrx_word' id='word_1_422' title='bbox 1001 4369 1063 4413; x_wconf 82' lang='lat' dir='ltr'>non</span> <span class='ocrx_word' id='word_1_423' title='bbox 1083 4348 1286 4432; x_wconf 76' lang='lat' dir='ltr'>epistopueuru</span> <span class='ocrx_word' id='word_1_424' title='bbox 1328 4350 1361 4417; x_wconf 89' lang='lat' dir='ltr'>se</span> <span class='ocrx_word' id='word_1_425' title='bbox 1373 4348 1615 4435; x_wconf 77' lang='lat' dir='ltr'>recipientibus,</span> <span class='ocrx_word' id='word_1_426' title='bbox 1628 4365 1663 4415; x_wconf 86' lang='lat' dir='ltr'>vt</span> <span class='ocrx_word' id='word_1_427' title='bbox 1675 4370 1714 4416; x_wconf 80' lang='lat' dir='ltr'>ex</span> <span class='ocrx_word' id='word_1_428' title='bbox 1728 4350 1880 4439; x_wconf 82' lang='lat' dir='ltr'>liturgiis,</span> <span class='ocrx_word' id='word_1_429' title='bbox 1896 4353 2060 4420; x_wconf 85' lang='lat' dir='ltr'>orientali-</span> 
     </span>
     <span class='ocr_line' id='line_1_42' title="bbox 555 4432 2106 4523; baseline 0.001 -24"><span class='ocrx_word' id='word_1_430' title='bbox 555 4434 665 4513; x_wconf 78' lang='lat' dir='ltr'>modo,</span> <span class='ocrx_word' id='word_1_431' title='bbox 676 4433 733 4519; x_wconf 82' lang='lat' dir='ltr'>sed</span> <span class='ocrx_word' id='word_1_432' title='bbox 765 4432 840 4499; x_wconf 81' lang='lat' dir='ltr'>lehis</span> <span class='ocrx_word' id='word_1_433' title='bbox 857 4435 951 4499; x_wconf 76' lang='lat' dir='ltr'>etim</span> <span class='ocrx_word' id='word_1_434' title='bbox 960 4434 1112 4523; x_wconf 76' lang='lat' dir='ltr'>suffragiu</span> <span class='ocrx_word' id='word_1_435' title='bbox 1128 4434 1285 4500; x_wconf 66' lang='lat' dir='ltr'>contuen-</span> <span class='ocrx_word' id='word_1_436' title='bbox 1329 4458 1386 4504; x_wconf 89' lang='lat' dir='ltr'>um</span> <span class='ocrx_word' id='word_1_437' title='bbox 1408 4433 1616 4503; x_wconf 81' lang='lat' dir='ltr'>ecelesiarum</span> <span class='ocrx_word' id='word_1_438' title='bbox 1634 4456 1711 4503; x_wconf 92' lang='lat' dir='ltr'>cum</span> <span class='ocrx_word' id='word_1_439' title='bbox 1731 4436 1784 4504; x_wconf 91' lang='lat' dir='ltr'>sua</span> <span class='ocrx_word' id='word_1_440' title='bbox 1804 4438 1959 4506; x_wconf 88' lang='lat' dir='ltr'>sententia</span> <span class='ocrx_word' id='word_1_441' title='bbox 1979 4460 2060 4507; x_wconf 91' lang='lat' dir='ltr'>eon·</span> <span class='ocrx_word' id='word_1_442' title='bbox 2104 4496 2106 4500; x_wconf 87' lang='lat'>.</span> 
     </span>
     <span class='ocr_line' id='line_1_43' title="bbox 555 4518 2061 4606; baseline 0.004 -22"><span class='ocrx_word' id='word_1_443' title='bbox 555 4534 627 4599; x_wconf 70' lang='lat' dir='ltr'>eur,</span> <span class='ocrx_word' id='word_1_444' title='bbox 648 4521 729 4588; x_wconf 87' lang='lat' dir='ltr'>indi</span> <span class='ocrx_word' id='word_1_445' title='bbox 748 4535 805 4588; x_wconf 85' lang='lat' dir='ltr'>ere.</span> <span class='ocrx_word' id='word_1_446' title='bbox 822 4521 860 4585; x_wconf 77' lang='lat' dir='ltr'>ue</span> <span class='ocrx_word' id='word_1_447' title='bbox 874 4519 1069 4606; x_wconf 74' lang='lat' dir='ltr'>liturgiarum</span> <span class='ocrx_word' id='word_1_448' title='bbox 1089 4520 1287 4588; x_wconf 60' lang='lat' dir='ltr'>orientalium</span> <span class='ocrx_word' id='word_1_449' title='bbox 1327 4521 1452 4592; x_wconf 87' lang='lat' dir='ltr'>sensum</span> <span class='ocrx_word' id='word_1_450' title='bbox 1465 4518 1738 4600; x_wconf 75' lang='lat' dir='ltr'>demonstrarenta</span> <span class='ocrx_word' id='word_1_451' title='bbox 1759 4521 1950 4593; x_wconf 84' lang='lat' dir='ltr'>nostratibus</span> <span class='ocrx_word' id='word_1_452' title='bbox 1957 4524 2061 4591; x_wconf 83' lang='lat' dir='ltr'>rursus</span> 
     </span>
     <span class='ocr_line' id='line_1_44' title="bbox 556 4606 2060 4698; baseline 0.004 -26"><span class='ocrx_word' id='word_1_453' title='bbox 556 4607 723 4693; x_wconf 69' lang='lat' dir='ltr'>ungine&amp;</span> <span class='ocrx_word' id='word_1_454' title='bbox 729 4607 926 4687; x_wconf 67' lang='lat' dir='ltr'>auctoritate,</span> <span class='ocrx_word' id='word_1_455' title='bbox 939 4625 1004 4694; x_wconf 84' lang='lat' dir='ltr'>cup.</span> <span class='ocrx_word' id='word_1_456' title='bbox 1014 4611 1087 4676; x_wconf 74' lang='lat'>711.</span> <span class='ocrx_word' id='word_1_457' title='bbox 1100 4607 1286 4678; x_wconf 73' lang='lat' dir='ltr'>eonuacot-</span> <span class='ocrx_word' id='word_1_458' title='bbox 1328 4611 1364 4678; x_wconf 88' lang='lat' dir='ltr'>in</span> <span class='ocrx_word' id='word_1_459' title='bbox 1382 4606 1496 4677; x_wconf 78' lang='lat' dir='ltr'>iisdem</span> <span class='ocrx_word' id='word_1_460' title='bbox 1520 4609 1595 4675; x_wconf 85' lang='lat' dir='ltr'>litut</span> <span class='ocrx_word' id='word_1_461' title='bbox 1619 4611 1638 4623; x_wconf 73' lang='lat'>&#39;⁶</span> <span class='ocrx_word' id='word_1_462' title='bbox 1672 4611 1745 4680; x_wconf 88' lang='lat' dir='ltr'>suae</span> <span class='ocrx_word' id='word_1_463' title='bbox 1764 4609 1931 4682; x_wconf 72' lang='lat' dir='ltr'>dodimme</span> <span class='ocrx_word' id='word_1_464' title='bbox 1945 4606 2060 4698; x_wconf 85' lang='lat' dir='ltr'>praefi·</span> 
     </span>
     <span class='ocr_line' id='line_1_45' title="bbox 553 4629 2060 4793; baseline 0.003 -31"><span class='ocrx_word' id='word_1_465' title='bbox 553 4692 676 4764; x_wconf 68' lang='lat' dir='ltr'>auton.</span> <span class='ocrx_word' id='word_1_466' title='bbox 689 4693 845 4782; x_wconf 53' lang='lat' dir='ltr'>situum</span> <span class='ocrx_word' id='word_1_467' title='bbox 865 4695 1008 4769; x_wconf 66' lang='lat' dir='ltr'>ommi</span> <span class='ocrx_word' id='word_1_468' title='bbox 1019 4714 1056 4784; x_wconf 79' lang='lat' dir='ltr'>p.</span> <span class='ocrx_word' id='word_1_469' title='bbox 1069 4714 1180 4786; x_wconf 67' lang='lat' dir='ltr'>mu.</span> <span class='ocrx_word' id='word_1_470' title='bbox 1222 4696 1286 4769; x_wconf 86' lang='lat' dir='ltr'>Ni·</span> <span class='ocrx_word' id='word_1_471' title='bbox 1327 4694 1419 4770; x_wconf 85' lang='lat' dir='ltr'>dium</span> <span class='ocrx_word' id='word_1_472' title='bbox 1455 4629 1668 4769; x_wconf 54' lang='lat' dir='ltr'>uaereueiffs&#39;s.</span> <span class='ocrx_word' id='word_1_473' title='bbox 1710 4696 1930 4793; x_wconf 70' lang='lat' dir='ltr'>Legerdauo.</span> <span class='ocrx_word' id='word_1_474' title='bbox 1950 4716 2060 4769; x_wconf 78' lang='lat' dir='ltr'>avit.</span> 
     </span>
    </p>

    <p class='ocr_par' dir='ltr' id='par_1_5' title="bbox 1479 4798 2063 4862">
     <span class='ocr_line' id='line_1_46' title="bbox 1479 4798 2063 4862; baseline -0.002 -6"><span class='ocrx_word' id='word_1_475' title='bbox 1479 4802 1529 4856; x_wconf 72' lang='lat' dir='ltr'>CC</span> <span class='ocrx_word' id='word_1_476' title='bbox 1550 4802 1602 4854; x_wconf 83' lang='lat' dir='ltr'>tc</span> <span class='ocrx_word' id='word_1_477' title='bbox 1624 4800 1648 4856; x_wconf 80' lang='grc' dir='ltr'>Ι</span> <span class='ocrx_word' id='word_1_478' title='bbox 1882 4798 1899 4821; x_wconf 72' lang='grc'>’“</span> <span class='ocrx_word' id='word_1_479' title='bbox 1966 4806 2043 4862; x_wconf 69' lang='lat' dir='ltr'>1ss</span> <span class='ocrx_word' id='word_1_480' title='bbox 2049 4801 2063 4855; x_wconf 85' lang='grc' dir='ltr'>Ι</span> 
     </span>
    </p>
   </div>
   <div class='ocr_carea' id='block_1_5' title="bbox 0 0 2634 5961">
    <p class='ocr_par' dir='ltr' id='par_1_6' title="bbox 0 0 2634 5961">
     <span class='ocr_line' id='line_1_47' title="bbox 0 0 2634 5961; baseline 0 0"><span class='ocrx_word' id='word_1_481' title='bbox 0 0 2634 5961; x_wconf 95' lang='lat' dir='ltr'> </span> 
     </span>
    </p>
   </div>
  </div>
 </body>
</html>
