5259 5967
835 738 900 805 ma
922 734 1245 808 rurotoorn
1266 740 1477 811 Monntr
1657 760 1913 859 *sio

528 892 630 953 ,certe
647 893 702 952 ea,
717 892 781 957 qua
796 870 903 950 decet,
919 874 1061 951 tatione,
1076 869 1132 940 de·
1178 875 1258 939 ticae
1275 872 1360 941 teile
1376 874 1523 939 obseruat
1545 892 1590 938 ro.
1606 892 1708 941 tirou.
1730 894 1913 957 crimenve,

528 978 600 1035 anta
615 980 653 1027 ex
661 958 777 1045 quibus
784 974 893 1024 tamen
901 951 1031 1045 insignis
1039 962 1076 1025 in
1083 962 1133 1025 vi·
1176 961 1281 1025 indeo
1300 959 1550 1048 Anoterclrungen
1571 961 1646 1025 iiber
1660 962 1710 1025 die
1730 960 1914 1027 Sittenlebre

530 1045 648 1113 stianae
663 1048 752 1131 praxi
765 1048 836 1132 capi
846 1046 946 1131 posset
957 1040 1039 1112 usus.
1082 1045 1133 1112 ln·
1176 1047 1231 1110 der
1247 1046 1405 1133 christon,
1427 1068 1494 1133 cap.
1509 1050 1611 1113 XVII.
1628 1062 1662 1132 p.
1670 1058 1739 1133 358.
1749 1052 1803 1134 seq
1826 1094 1833 1112 .
1854 1048 1911 1133 qui

528 1150 581 1200 :rte
597 1131 640 1200 est
656 1152 771 1200 eorum
787 1150 940 1199 numerus
948 1176 960 1214 ‚
977 1132 1033 1219 qui
1051 1134 1133 1199 vitat
1177 1134 1284 1219 &cap
1292 1139 1412 1200 XVIII.
1422 1155 1455 1221 p.
1459 1149 1526 1220 589.
1527 1140 1610 1220 seqq.
1627 1134 1665 1201 de
1675 1136 1771 1201 abusu
1784 1070 1911 1219 isuper

529 1242 619 1302 rum,
636 1218 799 1307 speciatim
814 1218 1062 1305 theologorum,
1077 1218 1131 1287 de·
1175 1221 1265 1285 vsum
1283 1226 1462 1309 genuinum
1489 1220 1713 1303 emendando,
1742 1225 1910 1309 praecipit.

528 1325 580 1384 nti
593 1308 753 1393 exquibus
761 1304 1132 1374 haudcontemnendum
1176 1307 1227 1373 Ad
1241 1307 1433 1377 methodum
1453 1310 1736 1395 paradigmaticam
1749 1308 1909 1397 quodam·

528 1398 622 1462 >riam
642 1396 829 1462 litterariam
844 1394 879 1462 δε
892 1392 1132 1462 ecclesiasticam
1175 1394 1277 1461 modo
1292 1394 1414 1463 accedit
1427 1396 1631 1485 dialogistico,
1651 1397 1908 1483 saltemspeciem

528 1504 575 1549 are
594 1480 698 1567 potest
722 1478 946 1549 commodum.
999 1480 1036 1548 ld
1052 1500 1131 1547 vero
1175 1480 1348 1568 quamdam
1368 1480 1519 1551 historiae
1536 1483 1655 1566 refert,
1682 1476 1909 1571 praesertimfi

528 1615 536 1648 ,
550 1568 590 1635 de
598 1590 664 1656 quo
672 1585 759 1636 nune
772 1570 880 1635 sumus
892 1568 1030 1635 solliciti.
1071 1565 1131 1650 Ea,
1175 1569 1371 1637 charaderes
1384 1592 1507 1651 eorum,
1523 1574 1579 1659 qui
1587 1572 1672 1637 inter
1678 1574 1707 1638 se
1714 1572 1910 1657 colloquun-

528 1652 978 1742 lvitaespiritualisrationem,
992 1652 1131 1743 fideique
1174 1673 1245 1737 tur,
1261 1657 1362 1744 probe
1375 1659 1591 1725 obstinentur.
1643 1659 1717 1743 Qia
1731 1659 1827 1726 etiam
1841 1672 1910 1723 me·

528 1744 755 1812 &exercitium
772 1748 949 1829 pertinent,
966 1746 1062 1831 pauci
1076 1740 1131 1809 ad·
1174 1742 1278 1811 thodo
1298 1762 1549 1827 artronum,
1568 1762 1909 1825 xrnoauonrura,

528 1854 534 1897 t
550 1832 724 1918 attingunt.
775 1832 957 1917 specimina
972 1829 1131 1917 quaedam
1175 1848 1435 1913 auscultante,
1452 1854 1489 1900 ex
1505 1834 1624 1901 Latinis
1641 1850 1824 1900 cronhon
1835 1846 1908 1911 rto,

528 1938 569 1985 'm
589 1936 811 1985 annorovo
833 1915 938 1997 dedit,
953 1918 1059 1984 indm
1075 1920 1130 1982 Lt-
1175 1918 1363 2005 expatribus
1381 1937 1584 1986 rvtrrnvro
1600 1939 1796 2008 martyrem,
1811 1922 1844 1983 in
1859 1917 1909 1981 di·

539 2006 729 2092 Gtoubigen3
752 2007 804 2072 cui
815 2008 904 2093 iungi
912 2020 1076 2071 metentur
1091 2003 1130 2070 il·
1173 2006 1261 2093 aloga
1269 2022 1338 2070 eum
1349 2005 1505 2093 Tryphone
1519 2008 1649 2089 Iudaeo,
1669 2018 1909 2083 oeternum,

528 2096 569 2158 mi
585 2096 713 2159 comitis
736 2110 862 2159 raon.
883 2108 1062 2159 nuuntct
1079 2108 1130 2156 on
1174 2096 1225 2160 vel
1242 2094 1385 2179 quisquis
1400 2088 1514 2161 audior
1524 2090 1567 2160 eli
1580 2094 1707 2183 dialogi,
1721 2092 1758 2158 dc
1773 2094 1858 2158 teilo
1872 2090 1909 2154 in

528 2200 602 2247 nau
618 2176 750 2246 vltimae
762 2178 870 2261 borae,
884 2174 936 2245 seu
949 2176 1026 2243 lezte
1037 2184 1130 2245 Ston·
1174 2187 1277 2247 Deum
1289 2178 1355 2267 fide
1371 2196 1479 2245 contra
1499 2180 1728 2263 Maroionlras,
1753 2194 1910 2247 anano·

528 2286 625 2332 iarum
635 2264 755 2334 exstant
763 2282 868 2353 partes
876 2282 949 2346 tres,
960 2262 1064 2332 Halae
1076 2262 1132 2331 Sa·
1174 2283 1279 2334 teron
1292 2266 1546 2350 Nazianzenum,
1559 2266 1702 2353 aduersos
1712 2285 1778 2348 eos,
1811 2266 1846 2329 ui
1859 2284 1909 2329 oe-

543 2368 639 2437 1720,
652 2372 689 2422 21
705 2354 738 2421 δι
750 2370 804 2435 23.
817 2365 848 2429 8.
862 2356 898 2419 in
913 2353 1039 2440 quibus,
1052 2346 1132 2418 dum
1173 2350 1749 2436 demontoriurant,onaooarvitN
1797 2368 1908 2430 enum,

528 2438 753 2526 quorumdam
766 2438 950 2521 hominum,
966 2456 1030 2527 qua
1042 2456 1132 2525 prae·
1173 2440 1210 2506 de
1224 2440 1335 2508 anima
1351 2444 1391 2513 (5
1404 2442 1619 2523 refierrelh'one
1633 2458 1702 2506 com
1708 2442 1817 2523 sorore
1832 2440 1909 2500 Ma·

528 2530 623 2594 ivitae
636 2545 853 2608 momentum,
865 2528 965 2593 vitam
974 2524 1131 2607 describit,
1174 2530 1281 2611 trino,
1302 2546 1356 2595 ro.
1380 2544 1747 2609 cunrsotnonvta,
1770 2522 1910 2593 inlibris

528 2614 784 2697 intimantor,
800 2617 996 2701 quaetitam
1011 2615 1133 2699 egregie
1167 2614 1225 2699 sex
1244 2616 1283 2681 de
1284 2614 1474 2699 sacerdotio,
1488 2616 1568 2684 &ex
1576 2613 1696 2682 Latinis
1710 2618 1827 2681 iterum
1844 2628 1909 2676 ur·

528 2718 582 2778 nte
605 2697 1008 2787 nequidnuncdelibelloa
1031 2700 1133 2780 lnpo-
1176 2720 1345 2771 tavctvrt
1371 2720 1574 2785 reticent,
1597 2707 1632 2770 in
1650 2703 1797 2781 Oliaut'o,
1812 2698 1909 2764 aliot-

528 2786 835 2875 Wedeogebohmen,
850 2784 1019 2853 Offenbaci
1037 2794 1132 2868 1701,
1176 2806 1251 2877 que,
1264 2784 1336 2855 vsos
1349 2787 1448 2871 fuisse,
1458 2788 1595 2857 constat.
1638 2782 1909 2939 lnquorutnqui·

528 2894 585 2945 ten
599 2878 792 2945 reformatae
804 2868 949 2942 ecclesiae
964 2870 1132 2940 dodlorem
1176 2869 1309 2943 busdam
1318 2872 1469 2943 litethon
1482 2894 1548 2943 tam
1558 2876 1703 2956 moralia,
1718 2892 1814 2962 quam
1852 2888 1910 2957 og·

528 2982 566 3029 nn
574 2960 740 3052 agnoscere
754 2958 954 3049 perhibetur,
967 2952 1130 3027 hmilibue·
1176 2958 1493 3039 matieatradlentura
1515 2980 1637 3029 certum
1652 2978 1771 3041 tamen,
1787 2958 1909 3025 hancce

528 3070 604 3118 nm.
649 3050 869 3134 Qiantutnuis
882 3063 993 3115 autem
1006 3040 1131 3113 metho
1177 3044 1371 3118 methodum
1397 3042 1566 3117 tradendae
1589 3066 1721 3116 morum
1742 3046 1909 3115 doetrinae

528 3156 609 3204 ieece
636 3133 885 3223 paradigmatica
913 3137 1134 3221 maximopere
1177 3152 1333 3224 perquam
1347 3132 1630 3205 adcommodatam
1644 3132 1715 3205 esse.
1741 3132 1910 3221 specimen

528 3219 618 3303 dalit,
631 3220 858 3310 cumenempla
871 3219 1049 3299 ostendant,
1065 3234 1134 3285 non
1177 3215 1911 3311 quoquehuiusmerhodielegantill'rmumipse

528 3303 622 3399 iquid
635 3305 705 3377 fieri
717 3303 841 3391 debeat,
856 3302 910 3376 sed
925 3306 1049 3395 &quid
1064 3302 1134 3373 fieri
1178 3306 1330 3379 liberlobi
1338 3308 1474 3393 exhibet,
1484 3310 1519 3377 in
1527 3330 1593 3397 quo
1600 3304 1779 3398 grauissima
1788 3306 1827 3374 de
1835 3326 1912 3393 pro-

531 3397 687 3486 simulque
708 3394 869 3463 obstacula
883 3398 970 3461 varia
977 3436 989 3477 ,
1004 3392 1133 3481 quibus·
1176 3396 1320 3469 uidentia
1333 3394 1443 3466 diuina
1455 3402 1608 3486 quaestio,
1622 3398 1685 3477 seu,
1699 3416 1755 3463 cur
1766 3398 1826 3482 piis
1841 3393 1910 3459 san·

528 3486 635 3554 initae
651 3482 777 3552 sanciae
799 3480 904 3549 sludio
930 3478 1133 3569 progressuril
1179 3478 1578 3572 diisquehorninibuscum
1624 3478 1909 3550 auiffiniscahmi-

528 3565 710 3653 andumest,
724 3572 1040 3657 Oboculosponantl
1060 3583 1133 3631 cau·
1178 3572 1296 3653 tatibus
1309 3564 1566 3639 conflictandum
1594 3588 1644 3650 rt,
1664 3587 1739 3635 cum
1753 3568 1912 3653 improbis

528 3656 750 3727 m&eircums
767 3652 889 3736 chelis,
904 3656 1048 3743 quinitas
1056 3655 1132 3807 pio·
1177 3676 1290 3725 contra
1297 3656 1387 3745 saepe
1396 3658 1509 3724 cundia
1517 3678 1553 3726 ex
1565 3660 1666 3724 animi
1680 3654 1835 3723 sententia
1850 3650 1911 3719 llu-

528 3750 671 3815 ominum
693 3680 897 3825 destinant,
920 3739 1053 3823 inceden
1079 3758 1135 3805 um
1178 3762 1260 3825 ant,
1279 3746 1325 3809 ita
1344 3742 1575 3831 pertradlatur,
1595 3762 1631 3811 vt
1650 3738 1912 3828 colloquentium

528 3830 575 3902 sle
584 3832 890 3912 nonnullimonent,
904 3844 999 3917 atque
1012 3844 1059 3893 ree
1071 3824 1135 3913 ipsa
1179 3833 1371 3901 characteres
1380 3828 1530 3899 adcurate
1539 3829 1755 3899 obseruentur.

552 3920 636 3986 Non
649 3936 773 3986 tantum
783 3920 950 3986 enimvero
962 3908 1066 3981 afalfis
1081 3910 1135 3979 ad·
1267 3916 1412 4003 Superell
1428 3916 1600 3987 methodus
1615 3917 1807 4003 dogmaticas
1830 3925 1913 3996 quae

528 4006 594 4075 lum
601 4000 811 4089 discernenda,
827 4021 869 4072 ne
877 4023 937 4092 pro
946 4000 1083 4069 historiis
1091 3998 1135 4065 fa·
1179 4006 1351 4072 iterumvel
1360 4004 1485 4071 liberior
1493 4004 1545 4087 ell,
1553 4005 1603 4073 vel
1613 4004 1795 4093 adstrinior.
1814 3998 1913 4063 Hane

528 4092 766 4163 romanensium
778 4111 887 4174 more,
901 4090 969 4157 aliis
983 4084 1135 4157 obtruda-
1179 4094 1215 4159 in
1229 4093 1359 4159 illorum
1375 4093 1496 4179 scriptis
1509 4084 1742 4180 deprehendere
1756 4086 1841 4167 licet,
1878 4084 1914 4149 ui

528 4178 873 4262 sedeauendumetiam,
888 4176 1134 4246 helmbecillita·
1166 4178 1373 4268 'systematica
1388 4178 1527 4266 quadam
1544 4182 1668 4247 ratione
1686 4174 1859 4252 incedunt,

528 4261 1137 4356 ‚norumoitorumprovirrutibueren·
1180 4284 1218 4335 ex
1232 4266 1396 4353 principiis
1410 4270 1500 4334 certis
1519 4262 1736 4335 conclusiones
1751 4260 1911 4341 deriuant,

528 4380 559 4439 a,
573 4356 689 4427 &aliis
704 4352 876 4423 imitandas
896 4366 1137 4441 proponamusl
1181 4370 1351 4443 quaecum
1371 4351 1434 4420 illis
1454 4372 1528 4443 apte
1549 4354 1748 4440 colligentur.
1795 4350 1913 4415 Cuius·

533 4439 620 4533 quod
640 4460 763 4533 praeter
776 4441 924 4509 ordinem
943 4434 1138 4529 quandoque
1181 4436 1271 4508 modi
1280 4436 1426 4508 methodi
1436 4434 1709 4530 exemplumapud
1719 4456 1835 4505 veteres
1845 4434 1913 4503 the·

532 4576 545 4617 ,
560 4528 595 4601 id
612 4530 736 4619 semper
748 4531 915 4615 acinique
930 4530 971 4595 ab
986 4527 1138 4594 omnibus
1182 4529 1297 4616 ologos
1304 4530 1358 4594 vix
1372 4532 1528 4597 inuenies.
1571 4528 1663 4595 lllam
1675 4546 1794 4605 autem,
1812 4524 1864 4589 seu
1875 4526 1913 4589 li-

528 4612 1057 4708 tpolseautdebere,erillimemus.
1080 4612 1138 4681 Le·
1181 4618 1353 4697 beriorem,
1368 4617 1402 4682 in
1417 4610 1615 4685 sermonibus
1630 4616 1681 4684 sen
1691 4612 1914 4683 dissertationi-

536 4727 618 4797 quae
630 4702 670 4776 de
678 4696 928 4775 abusumethodl
939 4698 1138 4791 paradigma-
1181 4706 1242 4772 bue
1261 4698 1475 4858 coznspicimut
1493 4748 1507 4787 ,
1537 4706 1706 4792 inquibus
1727 4713 1914 4851 argumeplta

1331 4807 1417 4873 223
1779 4804 1852 4853 mor
1884 4802 1916 4853 ta
