5259 5967
551 722 874 859 {iq-a*
894 716 1263 801 irritationis
1285 714 1458 798 CAPVT
1480 718 1739 813 varvit

875 838 1291 858 ’,ψ-ι’*

556 872 1289 971 quadamratioueadphilosophiamreseratur,
1333 885 1421 951 citat.
1438 885 1475 950 de
1490 884 1682 971 philosophia
1698 886 1834 967 saliaria
1855 888 1895 956 (5
1921 886 2075 969 eleiiiua,

447 1016 452 1025 ι
555 977 660 1040 immo
668 987 803 1035 omnem
809 966 896 1033 velut
911 969 1079 1033 materiam
1092 962 1289 1051 philosopho
1333 974 1492 1057 itemque,
1507 969 1546 1037 de
1557 974 1744 1038 auuorbatc
1757 973 1960 1057 interpretum
1975 992 2074 1040 nam.

555 1054 743 1147 suppeditet.
787 1055 834 1119 Ex
842 1051 1027 1119 solisautem
1037 1054 1174 1119 aliorum
1182 1055 1236 1138 qui
1245 1052 1291 1115 p
1334 1079 1399 1137 rae,
1412 1080 1492 1144 quae
1504 1062 1539 1127 in
1546 1058 1739 1143 philosophia
1754 1062 1820 1125 eius
1834 1059 1976 1141 ciciliano,
1993 1082 2072 1126 cum

558 1148 608 1237 pit
633 1146 737 1224 libris,
760 1138 926 1227 cognoscit
948 1136 1114 1226 equidem,
1129 1158 1290 1226 quaenam
1334 1147 1403 1210 aliis
1418 1144 1684 1211 dissertationibus
1701 1167 1754 1210 an.
1770 1149 1853 1226 1698
1869 1148 1906 1211 iu
1916 1156 1947 1221 8.
1964 1146 2073 1214 editae

554 1236 697 1303 aliorum
710 1226 772 1296 sint
792 1229 980 1313 opiniones,
995 1226 1097 1312 ipsam
1112 1247 1217 1292 rerum
1234 1246 1290 1289 na·
1334 1232 1433 1307 sunta
1467 1234 1611 1318 itemque
1645 1252 1866 1299 aauoiuve
1901 1237 2073 1301 vum.

555 1340 663 1389 turam
676 1315 875 1406 perspectam
887 1311 1076 1379 nonhabet.
1127 1315 1196 1379 lam
1211 1332 1288 1379 vero
1333 1339 1526 1398 rriurvt,
1547 1322 1582 1385 in
1600 1316 1858 1405 diffinitionibus
1877 1337 2016 1404 quatuor
2034 1320 2073 1385 de

556 1413 592 1479 in
608 1397 1289 1490 rerumipsarum,nouopinionumautsen·
1328 1404 1519 1492 philosophia
1537 1406 1674 1488 saliaria
1702 1406 1742 1477 ὅ
1765 1404 1911 1487 eleiiiua,
1931 1408 2073 1485 Franco·

558 1496 746 1571 tentiarum,
763 1490 889 1569 notitia,
903 1486 1288 1565 veram&eruditionem,
1333 1492 1409 1557 turri
1434 1498 1518 1574 1694
1534 1496 1570 1558 in
1591 1511 1623 1575 4.
1666 1488 1846 1559 Historiam
1865 1515 1943 1561 vero
1958 1494 2072 1581 philo·

557 1575 845 1667 &philosophiam
879 1572 1066 1657 consistere,
1092 1590 1209 1640 notum
1233 1568 1289 1640 cst.
1333 1576 2071 1664 sophinceclediicae‘aoorrra.occario,

556 1669 656 1757 quuc
668 1665 868 1733 deomnibus
882 1659 1106 1749 philosophiae
1112 1659 1289 1746 intelligen·
1333 1666 1483 1751 iudeffsrt.
1491 1667 1528 1729 de
1535 1664 1727 1751 philosophia
1740 1666 1890 1750 ecletiica,
1905 1669 2049 1736 exhiberi
2057 1711 2071 1749 ,

556 1756 637 1827 dum
649 1750 692 1823 est
706 1752 861 1843 partibus,
873 1744 1001 1845 playfita
1009 1794 1023 1830 ,
1038 1747 1154 1829 ethica,
1170 1748 1289 1834 logica,
1333 1756 1399 1826 iatri
1415 1749 1455 1819 ad
1469 1755 1737 1837 §.praecedentem
1750 1754 2002 1829 obseruauimus.

558 1844 743 1928 ceterisque
786 1838 939 1923 Namque
954 1838 1011 1922 qui
1029 1834 1209 1936 iutellefflu
1230 1830 1289 1907 hus
1420 1839 1544 1906 *Licet
1560 1842 1778 1909 enimveterer
1786 1839 2072 1927 nousemperrem

556 1931 665 2010 mani,
682 1930 717 1997 dc
729 1926 924 2004 voluntatis,
946 1921 1183 2003 &adrianum
1196 1917 1291 1997 mdo·
1334 1950 1395 1999 acu
1417 1929 1597 2013 tetigerint,
1610 1926 1716 1997 multo
1736 1930 1842 1997 minus
1855 1948 1985 1995 caecum
2004 1928 2071 1998 ali·

557 2021 624 2097 lem
643 2036 681 2087 ex
705 2032 838 2089 naturae
857 2010 1019 2087 humanat
1037 2006 1291 2089 consideratiOne
1334 2009 1424 2107 quod
1440 2013 1894 2103 obsequiumpromereanture
1914 2014 2006 2101 saepe
2015 2031 2068 2079 ta-

532 2109 537 2117 '
558 2104 682 2185 didicit,
696 2107 721 2169 is
734 2098 866 2169 demum
882 2099 917 2167 dc
930 2101 966 2163 in
980 2098 1095 2197 logica,
1112 2095 1147 2164 dt
1159 2099 1193 2162 ln
1211 2092 1291 2161 ethi·
1335 2122 1411 2167 men
1425 2102 1500 2165 talia
1521 2098 1713 2187 proferunt,
1735 2122 1816 2193 quae
1836 2102 1968 2169 minime
1990 2101 2068 2169 sunt

557 2217 595 2268 ca
608 2194 672 2259 tite
682 2184 837 2283 proficiet.
881 2183 1080 2253 Neccurtosa
1087 2182 1226 2258 multum
1235 2181 1290 2248 hic
1333 2184 1581 2266 contemnenda,
1595 2186 1629 2253 dc
1643 2188 1758 2275 quibus
1779 2188 1913 2255 meliora
1927 2208 2070 2256 arecen·

559 2274 781 2368 conquirenda
802 2274 875 2340 sunt
895 2274 1129 2361 experimenta,
1145 2286 1202 2337 aut
1216 2269 1289 2334 lon·
1333 2275 1472 2342 rioribus
1490 2272 1605 2340 tradita
1619 2296 1688 2342 nou
1704 2274 1794 2355 sunt',
1814 2276 1866 2343 vel
1890 2273 1973 2343 tradi
1993 2275 2071 2362 pos·

557 2373 697 2459 ginquae
711 2359 1290 2450 suscipiendaeperegunationeraum
1332 2362 1418 2430 sunt.
1482 2358 1632 2443 Accedit,
1646 2360 1746 2449 quod,
1762 2366 1817 2451 qui
1847 2365 2069 2430 recentiorum

557 2462 596 2527 in
609 2460 658 2533 iis,
675 2471 756 2541 quae
795 2447 919 2518 ”otidie
930 2451 1082 2525 omnibus
1103 2444 1291 2516 luminibus
1333 2468 1460 2517 tantum
1476 2446 1672 2517 deledlantur
1686 2451 1820 2535 scriptis,
1833 2450 1924 2536 saepe
1940 2452 1978 2516 iu
1995 2472 2071 2518 eam

558 2544 592 2612 se
604 2542 763 2617 offerunt,
818 2532 1165 2624 rgiffimaoptimarum
1188 2529 1291 2601 obser·
1334 2534 1531 2611 deducantur
1545 2539 1749 2621 opinionem,
1764 2539 1944 2623 planeuoui
1956 2535 2070 2623 quida

559 2632 732 2701 nationum
748 2622 809 2693 sese
829 2625 944 2693 offerat
958 2624 1053 2711 seges.
1149 2688 1153 2697 ,
1334 2625 1564 2693 recentioribus
1584 2626 1799 2711 excogitatum
1819 2641 1875 2690 aut
1892 2624 2071 2691 inuentum

646 2717 705 2761 *⁰
725 2712 919 2781 Cumnemo
928 2711 1114 2781 mortalium
1122 2702 1155 2775 id
1171 2702 1227 2774 sibi
1236 2705 1291 2774 tri·
1335 2710 1412 2792 else,
1436 2733 1510 2777 cum
1532 2729 1642 2778 tamen
1656 2709 1743 2777 idem
1769 2712 1928 2779 veteribus
1939 2708 2071 2779 iamdu-

559 2807 659 2872 buere
674 2816 782 2886 queat,
795 2794 886 2883 quod
902 2801 1001 2864 errori
1016 2818 1086 2863 noa
1101 2792 1138 2867 stt
1153 2794 1291 2859 obnoxi·
1336 2796 1414 2870 dunt
1436 2820 1476 2864 co
1499 2800 1604 2863 nitum
1630 2796 1723 2866 suerit
1742 2814 1837 2884 atque
1879 2796 2073 2885 erspedium.

559 2914 618 2966 us3
640 2887 832 2973 experientia
869 2904 979 2973 uoque
990 2882 1145 2962 docuerit,
1166 2880 1292 2945 nullum
1335 2884 1413 2969 Quo
1437 2819 1506 2970 ipdo
1528 2884 1617 2949 suam
1637 2888 1772 2971 turpiter
1782 2820 1926 2971 produnt
1947 2886 2074 2953 insciti-

559 2995 717 3063 umquam
742 2906 888 3039 exstitisse
918 2968 1171 3056 philosophum,
1191 2985 1292 3051 qllan·
1335 2992 1399 3038 am.
1444 2969 1665 3039 Constitutum
1680 2976 1785 3057 itaque
1801 2970 2073 3039 haudsrneratio-

560 3063 685 3132 tumuit
702 3062 737 3127 dc
757 3060 889 3145 ingenio
912 3060 946 3125 dc
965 3053 1112 3123 dodirina
1134 3048 1292 3141 praestan·
1335 3080 1376 3125 ne
1391 3078 1481 3123 aaa.
1503 3078 1675 3137 oratio,
1690 3076 1760 3125 tum
1775 3061 1809 3123 in
1822 3058 1948 3210 bploria
1964 3057 2072 3145 philo.

1847 3168 1864 3209 o

560 3169 639 3229 tem,
652 3148 709 3232 qui
727 3166 798 3213 non
812 3140 945 3209 subinde
965 3144 1101 3229 grauiter
1120 3139 1222 3225 lapsus
1237 3136 1293 3215 fite
1326 3143 1465 3231 sophica
1479 3163 1550 3209 tum
1562 3148 1597 3210 in
1604 3148 1768 3229 specimine
1776 3144 1835 3228 phi
1857 3144 1989 3229 sophiae
2012 3168 2073 3213 ve·

561 3234 713 3305 stolidum
727 3229 851 3316 prorsus
860 3248 955 3315 atque
963 3232 1111 3316 ineptum
1121 3226 1213 3306 foret,
1223 3227 1293 3291 vni·
1335 3234 1410 3297 teris
1424 3278 1435 3311 ,
1457 3232 1490 3295 iu
1499 3254 1561 3317 qua
1574 3253 1674 3296 notrae
1687 3234 1838 3317 quarelam
1859 3232 2072 3319 ostenduntur,

561 3319 691 3393 usitase
704 3314 825 3386 tradere
840 3318 1023 3389 austeritati
1034 3362 1047 3399 ,
1060 3337 1094 3383 vt
1107 3311 1188 3382 nihil
1205 3310 1293 3387 aliud
1335 3318 1405 3401 fuit,
1423 3316 1646 3401 demonstrare,
1661 3342 1708 3399 ea,
1724 3316 1890 3411 dequibus
1905 3317 2072 3407 disputan.

454 3468 458 3479 .
504 3492 507 3497 ,
560 3428 618 3479 aut
636 3427 759 3487 verum,
775 3425 831 3475 aut
845 3404 957 3473 falsum
970 3404 1049 3485 else,
1071 3400 1292 3481 existimemus,
1336 3404 1582 3481 &carausii
1599 3405 1814 3493 philosophia,
1828 3410 2002 3483 recentiori
2016 3430 2071 3483 ae.

560 3493 755 3587 quamquod
764 3494 827 3574 ille,
842 3490 1182 3573 taleeueiudicaucrit·
1190 3488 1293 3555 Omni
1337 3512 1412 3572 tate,
1427 3490 1630 3558 occasione-iu
1646 3492 1744 3574 dedit,
1758 3496 1917 3561 veteribus
1933 3497 2073 3571 minime

560 3583 687 3675 prorsus
705 3582 1069 3663 libertate,imnroomni
1084 3574 1293 3654 rationisvsu,
1337 3580 1427 3647 fuisse
1440 3582 1560 3666 ignom,
1584 3582 1633 3652 Dc
1650 3600 1723 3644 uss„
1750 3603 1787 3649 u,
1802 3579 1994 3647 hoccepibfo
2004 3585 2072 3649 qm,

561 3668 665 3757 seipsi
684 3670 907 3757 priuant,'qui
927 3663 1012 3735 illud
1034 3664 1163 3729 faciunt.
1208 3659 1293 3727 ludi·
1339 3664 1380 3739 ad
1400 3676 1429 3748 §.
1441 3668 1670 3750 praecedentem
1686 3602 1817 3741 didum.
1862 3669 2071 3757 itaergoplu.

561 3762 617 3848 gni
632 3756 769 3843 denique
786 3754 858 3819 sum
873 3750 1294 3839 Philosllplfflfflmssomisssi
1339 3776 1380 3821 ne
1394 3754 1542 3833 arbitror,
1558 3770 1676 3828 veteres
1684 3752 1865 3819 nonniliab
1874 3757 1912 3823 iis
1922 3775 2072 3823 coutem-

560 3842 893 3915 cumomuisillotum
905 3840 1048 3925 cognitio
1069 3857 1139 3900 non
1154 3831 1295 3902 euidenti
1339 3842 1385 3918 nii
1399 3840 1455 3923 qUi
1470 3838 1543 3912 i¹¹0⁵
1560 3842 1901 3927 numquilffilcgtfflsst·
1946 3844 2071 3921 Dissen-

560 3954 670 4001 rerum
691 3925 987 4004 demonstratione,
1023 3920 1077 3990 scd
1105 3922 1293 3997 audioritate
1337 3926 1405 3992 sum
1419 3942 1558 3997 autema
1574 3928 1729 3993 veteribus
1752 3950 1849 3999 nemo
1865 3948 2072 4003 contemtum

561 4024 642 4095 eius,
656 4038 753 4102 quem
762 4015 944 4099 sequuntur,
961 4013 1091 4079 nitatur.
1114 4009 1206 4089 Quae
1219 4028 1293 4075 cum
1337 4014 1535 4095 interpretari
1553 4010 1655 4078 debet,

559 4101 697 4183 italint,
713 4124 784 4168 nou
805 4121 923 4167 temere
941 4101 1110 4183 quisquam
1132 4097 1213 4175 erit,
1237 4095 1293 4177 qui
1423 4100 1457 4131 *l*
1479 4096 1926 4188 Quiadcuratephilosophari
1942 4103 2073 4187 volunt,

561 4211 644 4267 non,
660 4189 840 4257 rationibus
849 4188 1000 4253 omnibus
1008 4185 1108 4271 probe
1122 4179 1293 4257 subducitis,
1337 4183 1440 4261 solent
1463 4181 1501 4255 dc
1516 4186 1675 4269 principio
1697 4187 1839 4275 quodam
1854 4190 1912 4256 else
1926 4190 2071 4274 solliciti,

561 4273 692 4339 tandem
705 4277 870 4359 agniturus
884 4272 937 4350 stt,
954 4271 1137 4343 ecledlicam
1151 4266 1292 4353 plriloso·
1337 4290 1374 4338 ex
1389 4291 1455 4355 quo
1475 4268 1712 4357 conclusiones,
1739 4298 1916 4362 quousque
1930 4278 2071 4353 ambitus

585 4358 683 4425 haudi
700 4364 858 4429 rationem
882 4360 1029 4429 sediariae
1044 4357 1183 4423 multum
1201 4375 1291 4439 prae·
1337 4353 1424 4429 issiue
1438 4360 1587 4441 principii
1605 4378 1703 4443 patet,
1720 4365 1777 4435 ricc
1790 4360 1986 4437 deriuentur.
2030 4366 2072 4431 Et

559 4382 725 4513 ferendam
740 4444 816 4519 else,
840 4444 1025 4529 quamadco
1042 4434 1292 4528 praestantissimi
1337 4440 1496 4509 eiusmodi
1509 4442 1638 4528 quidem
1647 4447 1975 4525 couclufionumcum
1984 4456 2073 4535 prin.

585 4533 680 4617 uique
701 4529 827 4613 philosu
851 4532 884 4599 hi
905 4532 1028 4617 semper
1060 4528 1132 4594 sunt
1157 4528 1292 4612 sequuti.
1337 4532 1424 4621 cipio
1434 4533 1805 4621 connexionemspjlcmn
1815 4556 1944 4609 vocant.
1968 4540 2072 4604 Cum.

560 4554 716 4695 duribus,
724 4613 812 4699 quod
822 4554 1056 4695 dixueuincuut
1064 4612 1293 4698 edisseruutque
1337 4618 1448 4701 prinus
1463 4619 1571 4701 iraque
1587 4610 2074 4706 ciuunodisylicmutnitacom.

559 4727 613 4801 ap.
629 4720 880 4775 cantatorii.
899 4722 1128 4787 trvautvs,
1149 4702 1185 4773 iu
1206 4720 1293 4773 excr-
1337 4718 1446 4794 parata
1463 4702 1522 4777 else
1535 4702 1668 4793 debent,
1682 4725 1718 4775 vt
1736 4711 1865 4793 ontma,
1881 4732 1964 4797 quac
1980 4714 2018 4778 in
2032 4733 2073 4779 eo

1957 4819 2073 4884 ossus·
