5259 5967
465 694 548 815 ιε’
817 732 1606 813 tronrrnronrscarvrrnrnvn.

467 911 515 961 rer
528 896 578 977 id,
599 895 682 981 quod
696 891 827 978 paſserem
838 890 895 981 gs,
912 892 996 979 quod
1013 890 1202 978 fichrijlur
1229 854 1313 961 ”ch
1324 882 1508 965 namanes
1519 895 1639 983 nostrae
1657 896 1690 961 in
1708 894 1983 984 christorobom·

466 984 569 1067 lesus,
592 1000 666 1047 tunc
707 981 791 1063 bafi’s
817 981 850 1043 in
877 981 1098 1062 fundamento,
1106 981 1201 1062 sum,
1220 1012 1223 1017 ·
1245 999 1309 1051 tur.

576 1117 606 1214 §.
629 1117 707 1192 Xll.
733 1114 885 1191 Aredo
907 1138 1029 1192 autem
1040 1114 1206 1208 tramite,
1220 1116 1263 1192 in
1276 1116 1352 1195 fine
1367 1117 1476 1196 studii
1488 1118 1690 1220 theologici
1705 1116 1982 1211 constituendo,
2007 1146 2021 1155 ··

466 1215 628 1319 primum
644 1215 822 1306 aberrant,
837 1214 902 1315 qui
918 1213 958 1288 in
973 1212 1049 1316 ips-a
1063 1214 1283 1317 cognitione
1296 1240 1421 1292 rerum
1428 1215 1635 1294 diuinarum
1650 1214 1895 1309 subfistunt,&
1929 1240 1981 1293 uo

466 1313 573 1416 padio
589 1339 667 1388 eam
682 1312 851 1388 advitam
866 1308 962 1386 recle
976 1312 1236 1389 instituendam
1248 1312 1481 1408 transferant,
1495 1340 1623 1418 parum
1639 1314 1722 1392 sunt
1736 1313 1878 1391 solliciti
1888 1243 1980 1399 :lue

467 1437 565 1489 vano
582 1436 708 1487 errore
726 1409 836 1501 ducti,
851 1435 931 1485 cam
943 1407 1123 1505 sufficere,
1138 1411 1377 1506 arbitrentur,
1391 1410 1464 1489 siue
1471 1413 1513 1488 in
1526 1411 1598 1516 ipsa
1614 1413 1676 1490 issa
1689 1412 1909 1515 cognitione
1917 1411 1982 1489 de-

466 1508 702 1586 leslationem
718 1508 911 1609 quamdam
919 1529 1103 1610 quaerant
1113 1535 1198 1586 cum
1205 1530 1330 1586 tamen
1338 1535 1419 1586 non
1432 1509 1601 1613 aimaro)
1608 1532 1763 1603 tantum,
1777 1508 1840 1587 sed
1846 1508 1983 1603 mm*

466 1608 561 1706 λέγε
575 1606 644 1684 elle
657 1607 869 1700 debeamus,
885 1612 948 1685 Iac.
963 1610 993 1696 l,
1007 1635 1055 1683 22.
1085 1606 1123 1684 ἃ
1137 1609 1187 1684 ob
1201 1608 1437 1721 prudentiam
1450 1609 1481 1684 is
1496 1608 1647 1686 demum
1662 1606 1888 1686 a'seruatore
1907 1608 1980 1687 lau-
2011 1668 2015 1673 -

467 1706 588 1800 detur,
603 1706 668 1807 qui
681 1731 749 1781 non
762 1727 902 1783 tanturn
915 1706 1024 1782 versa
1037 1705 1238 1795 eiusaudrt,
1248 1704 1319 1805 fid
1329 1703 1537 1807 &cafarcin
1546 1705 1675 1785 lrsatth.
1690 1708 1761 1794 VII,
1776 1732 1834 1802 ²4·
1846 1704 1981 1809 seqq*

554 1839 569 1873 *
589 1836 656 1920 Qui
671 1839 706 1902 in
720 1835 808 1903 nuda
823 1860 930 1905 rerum
942 1835 1129 1904 diuinarum
1147 1857 1203 1901 co-
1247 1835 1420 1903 hominum
1432 1837 1567 1904 salutem
1582 1833 1981 1923 promo'uendamcompa·

467 1924 615 2009 gnitione
637 1922 828 2006 subsrstunt,
855 1922 956 2005 ideo,
985 1922 1100 2010 quod,
1120 1944 1203 1989 vana
1246 1942 1354 1990 ratum
1372 1922 1433 1990 esse
1453 1921 1557 1990 debet.
1581 1944 1798 2011 nornuovs
1830 1921 1982 2011 equidem

468 2006 669 2097 persuasione
677 2009 777 2091 ducii,
786 2007 1030 2093 hancsufficere,
1046 2013 1203 2077 arbitran·
1246 2032 1453 2078 Manrsrvs
1475 2009 1859 2097 caufiamlcgitimmell'e,
1876 2024 1982 2095 putat,

467 2114 544 2174 tura·
554 2120 625 2163 non
638 2110 768 2164 tantum·
780 2120 836 2183 per
850 2096 954 2164 adlata
966 2099 1139 2183 scripturae
1155 2098 1201 2163 sa·
1245 2097 1338 2185 siqui
1353 2119 1424 2164 non
1436 2098 1533 2163 aliam
1546 2099 1590 2163 ob
1611 2097 1749 2165 caussam
1768 2094 1809 2163 ad
1829 2097 1983 2165 scientiae

467 2205 540 2250 erae
554 2185 672 2266 effata,
687 2187 810 2271 aliaque
825 2184 969 2253 eiusdem
986 2186 1130 2272 generis,
1152 2207 1202 2251 er·
1246 2182 1459 2271 cupiditatem
1472 2184 1658 2265 trahantur,
1671 2205 1787 2271 quam,
1799 2203 1837 2250 νε
1851 2186 1981 2251 animoa

467 2273 552 2357 roris
565 2275 828 2355 conuincuntur,
845 2269 899 2338 sed
917 2272 984 2341 hoc
996 2272 1066 2359 ipso
1086 2268 1202 2338 testan-
1246 2274 1319 2339 suos
1336 2274 1423 2337 varia
1436 2294 1543 2339 rerum
1562 2274 1752 2359 cognitione
1764 2269 1907 2357 pascant,
1927 2270 1982 2337 lib.

466 2375 523 2426 tur
534 2402 547 2439 ,
570 2357 602 2425 se
620 2356 766 2425 indolem
784 2380 820 2425 ac
840 2378 991 2426 naturam
1019 2358 1202 2445 theologiae
1246 2363 1289 2425 11.
1306 2376 1351 2443 ep.
1366 2362 1449 2422 XVI.
1459 2377 1492 2444 p.
1501 2378 1562 2443 515.
1613 2359 1658 2423 At
1673 2356 1792 2424 fallitur
1903 2378 1981 2445 ope·

467 2445 621 2535 prorsusi
668 2467 770 2513 orare.
836 2446 933 2511 Hanc
952 2447 1058 2527 enim,
1083 2463 1205 2531 quanta
1248 2468 1292 2513 re.
1337 2444 1497 2530 Voluptas
1512 2447 1600 2510 enim
1613 2446 1666 2511 illa
1674 2491 1685 2526 ,
1709 2465 1860 2533 quamex
1880 2447 1980 2511 'tretis

470 2551 624 2620 quantae
649 2577 661 2615 ,
679 2529 1204 2619 totam,rationelinisspesiatam‚
1249 2534 1404 2619 capimur,
1420 2528 1476 2597 nist
1491 2528 1531 2597 ad
1543 2531 1635 2597 vsum
1649 2530 1897 2614 transferannrt,
1910 2550 1981 2598 uon

470 2620 647 2709 prasticam
665 2618 726 2686 else
731 2664 744 2701 ,
756 2619 810 2686 seu
822 2617 864 2685 ad
874 2623 987 2705 praxin
997 2622 1083 2686 vitae
1095 2641 1131 2685 ac
1144 2621 1206 2684 mi-
1249 2624 1350 2705 magis
1363 2614 1522 2684 laudanda
1535 2636 1591 2698 aut
1601 2616 1795 2698 excusanda,
1816 2638 1916 2706 quam
1934 2638 1983 2700 ea,

471 2704 592 2775 niuem
607 2701 758 2787 tendere,
773 2727 888 2772 ornnes
903 2727 971 2772 vno
985 2727 1041 2773 ore
1055 2706 1211 2791 fatentur..
1273 2728 1348 2772 uam
1368 2706 1519 2772 nonnulli
1538 2708 1575 2771 in
1598 2705 1746 2772 sensuum
1772 2724 1983 2773 externorum

473 2792 621 2876 Accedit,
636 2788 727 2879 quod
738 2792 804 2879 ipsa
815 2813 946 2878 quoque
965 2796 1049 2858 ratio
1069 2792 1206 2873 disiitet,
1250 2728 1464 2861 delesiatione
1476 2792 1709 2872 consectantur,
1722 2814 1758 2858 ac
1772 2788 1794 2858 st
1809 2792 1874 2860 huc
1888 2794 1984 2861 ναίω

474 2878 738 2965 hominemlnon
756 2878 953 2946 else'animal
974 2885 1134 2951 θεωρητικὸν.
1153 2875 1207 2945 sed
1249 2880 1348 2947 effent
1360 2883 1548 2964 comparati.
1614 2881 1781 2947 Nimirum
1794 2879 1900 2947 sensus
1912 2899 1983 2947 non

472 2978 624 3043 πρωινὸν,
637 2967 702 3034 hoc
719 2964 781 3047 est,
801 2988 821 3030 a
840 2985 955 3033 natura
978 2963 1144 3034 intellcdu
1171 2964 1206 3030 &
1248 2965 1323 3034 ideo
1335 2988 1353 3030 a
1366 2960 1594 3051 sapientissimo
1609 2987 1717 3031 rernm
1729 2969 1882 3032 omnium
1903 2986 1982 3034 con·

470 3057 600 3122 tatione
612 3052 917 3134 instructummon,
932 3070 968 3119 νε
978 3052 1204 3138 inanibusspc-
1247 3052 1353 3120 ditore
1365 3052 1552 3119 hominibus
1566 3049 1632 3118 dati
1654 3052 1744 3134 sunt,
1760 3071 1796 3119 νε
1809 3074 1848 3118 ex
1855 3056 1894 3121 iis
1909 3070 1981 3119 tan·

471 3141 688 3211 culationibus
705 3158 830 3225 tempus
843 3138 948 3221 fallat,
963 3157 1018 3204 aut
1034 3141 1204 3225 cogitatio-
1251 3158 1322 3206 tum
1330 3140 1530 3223 voluptatem
1539 3142 1685 3225 capiant,
1708 3136 1847 3206 sedvtiis
1861 3137 1982 3208 adcor-

469 3229 567 3296 nibus
582 3214 645 3295 liris
660 3228 808 3292 animum
827 3225 952 3310 pascat,
972 3222 1044 3307 sed,
1058 3244 1094 3291 νε
1108 3224 1205 3291 facul·
1249 3229 1337 3313 poris
1352 3225 1652 3309 conseruationem,
1668 3244 1757 3293 certo
1771 3247 1904 3314 quoque
1911 3247 1984 3293 mo·

470 3332 540 3383 tate
553 3311 610 3380 ista
623 3336 664 3382 co
710 3308 851 3395 ostendi,
866 3312 900 3379 &
913 3308 1207 3399 eruditione,fiqua
1249 3312 1293 3382 do
1314 3310 1356 3379 ad
1375 3314 1494 3379 mentis
1511 3309 1756 3381 instrusiionem
1776 3312 1981 3381 infomtatio-

470 3401 591 3489 pollet,
607 3396 649 3465 ad
673 3421 714 3465 ua
729 3399 763 3466 dt
782 3399 920 3464 aliorum
940 3396 1115 3466 commoda
1129 3418 1205 3484 pro·
1249 3422 1327 3468 nem
1350 3406 1547 3466 uetatantur.
1593 3400 1662 3467 Pari
1682 3400 1982 3489 ratione&cogno·

470 3484 656 3568 mouenda,
669 3504 788 3553 vtatur.
818 3485 974 3552 Conferre
986 3487 1206 3571 iuuabit,quae
1249 3422 1355 3555 scendi
1370 3484 1521 3554 facultate
1535 3483 1801 3567 mensinstrucia,
1814 3484 1983 3555 immode·
2014 3552 2017 3563 ,

472 3570 540 3643 dlxi
552 3573 646 3661 instit.
661 3571 752 3641 theol.
769 3572 879 3639 moral.
894 3589 980 3658 part.
1000 3577 1027 3637 1.
1043 3572 1158 3723 prolqg.
1175 3580 1206 3654 §.
1250 3571 1399 3643 siderium
1413 3571 1545 3661 aliquod
1559 3570 1837 3641 sciendiomnibus
1850 3571 1983 3644 insitum

472 3666 519 3731 11.
541 3664 600 3727 111.
621 3663 703 3726 Non
722 3661 829 3725 minus
848 3680 928 3728 vcro
949 3677 1101 3744 peccant,
1126 3679 1206 3745 cque
1250 3661 1441 3730 &innatum
1455 3658 1983 3744 est,non,vtdeledlationemtan-

469 3745 532 3825 ist
543 3744 708 3834 decipiunt
728 3746 881 3833 turpiter,
901 3748 958 3833 qui
976 3748 1012 3811 in
1030 3742 1087 3811 iila
1098 3766 1206 3812 rerum
1250 3766 1320 3814 tum
1333 3745 1408 3814 inde
1446 3744 1587 3814 uandam
1601 3767 1804 3836 quaeramus,
1816 3744 1882 3831 sed,
1899 3744 1984 3817 utad

533 3838 660 3901 'arum
711 3835 927 3920 cognitione¹
956 3829 1206 3900 deledlationem
1249 3831 1391 3901 nostram
1444 3838 1613 3922 ‘orumque
1634 3834 1820 3903 felicitatem
1870 3856 1984 3903 romo-

571 3920 647 3988 dam
659 3939 836 4007 quaerunt,
852 3917 887 3988 id
951 3937 992 3986 ue
1011 3920 1048 3984 in
1062 3940 1098 3986 ea
1111 3916 1205 3986 subsr-
1250 3919 1391 3988 uendam
1403 3918 1519 3988 eodem
1534 3940 1673 3990 vtamur.
1731 3856 1905 4010 copiolas
1919 3922 1985 3992 hoc

432 4052 440 4063 ·
471 3944 575 4092 m
588 4032 649 4078 nec
662 4008 923 4094 ulteriusprogre
948 4010 1074 4090 untur,
1087 4023 1155 4090 aut,
1168 4024 1205 4072 νε
1248 4004 1392 4075 ediil'erui
1404 4010 1439 4072 in
1458 4008 1603 4094 differtat.
1622 4010 1659 4075 de
1673 4008 1794 4075 cultura
1810 4011 1939 4098 ingmii,
1958 4032 1987 4078 c.

474 4096 589 4167 clarius
602 4098 733 4183 loquar,
747 4096 803 4181 qui
816 4096 889 4161 suae
903 4112 1031 4160 tantum
1039 4092 1205 4160 consulere
1248 4100 1308 4160 lli.
1330 4103 1360 4179 §.
1375 4099 1417 4160 11.
1438 4098 1472 4160 in
1482 4097 1686 4181 selellisjmis
1706 4114 1812 4164 natur.
1826 4100 1867 4170 θ’
1879 4094 1988 4184 genti-'

416 4244 425 4251 .
474 4185 612 4273 cupiunt
630 4182 806 4268 curiostmti.
852 4176 924 4248 ‚lsta
941 4183 1029 4247 enim
1050 4178 1206 4265 curiofitas
1250 4204 1313 4262 um,
1323 4201 1356 4266 p.
1372 4202 1435 4265 401.
1452 4182 1537 4267 seqq.
1553 4178 1840 4266 Qiemadmodum
1861 4203 1986 4269 autem,

473 4292 515 4343 ex
525 4271 694 4357 voluptate
702 4267 852 4355 quadam,
869 4284 906 4335 ut
922 4270 996 4334 alibi
1010 4264 1207 4333 demonstra·
1250 4271 1348 4354 quiin
1358 4288 1463 4335 rerum
1472 4265 1653 4335 diuinarum
1665 4269 1855 4337 tradatione
1865 4290 1986 4339 eatan-

474 4378 540 4443 tur,
555 4376 643 4439 orta,
657 4353 1054 4445 quantumuis'honellatis
1068 4352 1207 4440 quadam
1250 4375 1339 4435 tum,
1353 4376 1434 4441 quae
1448 4350 1693 4423 deledationem
1710 4359 1861 4508 pariunt,
1875 4356 1990 4427 autad

471 4444 578 4535 specie
591 4443 623 4512 se
635 4446 706 4510 aliis
720 4439 939 4526 commendet,
953 4442 1037 4510 teile
1047 4460 1156 4508 tamen
1169 4444 1207 4527 in
1250 4438 1440 4526 explendam
1470 4439 1686 4510 curiositatem

474 4535 559 4603 vitio
572 4534 724 4620 punitura
748 4550 823 4596 cum
848 4550 887 4595 ue
905 4551 965 4597 nec
985 4533 1021 4594 in
1039 4527 1108 4594 aliis
1121 4528 1207 4595 litte·
1251 4529 1393 4611 dantur,
1413 4548 1432 4591 a
1451 4526 1548 4614 scopo
1567 4530 1720 4616 redoque
1738 4526 1803 4598 sine
1825 4533 2000 4621 aberrant,

471 4641 586 4691 tarum
596 4618 764 4708 generibus
775 4616 830 4705 lau
897 4612 937 4683 da
953 4614 1002 4699 stt,
1015 4614 1122 4682 multo
1137 4634 1206 4681 ma·
1250 4612 1330 4681 dum
1351 4617 1388 4681 in
1410 4610 1497 4680 nuda
1524 4620 1713 4704 cognitione
1731 4615 1925 4703 subsistunt,
1947 4616 1991 4691 de

475 4712 525 4801 git
537 4700 753 4797 vituperanda
765 4698 811 4780 est
820 4705 930 4791 ineo,
943 4700 1034 4794 quod
1051 4704 1147 4801 voice
1165 4698 1207 4775 ad
1249 4695 1326 4775 idei
1343 4696 1478 4778 &vitat
1493 4707 1583 4794 praxi
1594 4702 1857 4799 parumsollicitia
1870 4708 1991 4797 itanec

1723 4446 1850 4527 aciunt,
1871 4446 1987 4518 conse-
