5259 5967
747 718 812 788 DE
835 714 1154 788 THEOLOGIA
1175 710 1415 789 THETICA
1437 716 1527 789 SEV
1548 718 1885 798 DOGMATICA.
2008 736 2070 816 369

552 868 709 957 theologia
725 866 893 957 rqtionelir
909 869 954 931 ad
964 866 1120 933 hominem
1137 870 1177 939 (l
1189 889 1227 933 ex
1237 865 1293 933 ht·
1336 887 1430 935 raus
1450 889 1643 939 anaxanom
1664 876 1818 967 theologia
1839 882 2012 968 dogmatice
2026 888 2068 957 ὅ

513 970 516 975 “
552 960 650 1037 sohte,
663 976 743 1042 quet
752 974 811 1041 pet
826 955 1185 1041 argumenttnatmlit
1194 956 1293 1041 potit-
1335 957 1477 1040 moralis,
1511 959 1632 1028 Parisiis
1659 983 1741 1047 1703
1763 966 1888 1035 duobus
1911 972 2007 1037 tomis
2028 974 2064 1039 in

547 1044 664 1133 finem
677 1065 716 1108 ex
728 1042 851 1109 homine
863 1043 1009 1124 damma,
1023 1063 1078 1107 nec
1089 1064 1151 1107 non
1162 1044 1207 1107 ael
1224 1042 1288 1108 illi·
1332 1042 1432 1121 folior
1454 1066 1532 1115 tvo.
1547 1070 1601 1115 nn
1611 1072 1629 1116 a
1639 1070 1731 1121 enni
1744 1054 1897 1143 theologia
1910 1057 2064 1144 dogmati·

556 1154 593 1199 tes
606 1130 993 1211 enthimematum,
1017 1151 1079 1195 non
1099 1132 1216 1217 thequa
1235 1151 1288 1195 tt·
1331 1152 1369 1198 tt
1380 1135 1419 1203 εἰ
1427 1135 1566 1215 moralis,
1581 1138 1627 1201 ad
1640 1142 1722 1220 ostem
1733 1142 1899 1225 seminarii
1913 1146 2063 1209 Catelau-

555 1221 662 1287 tonici
674 1232 789 1297 textus,
807 1219 847 1289 cl
858 1215 1029 1304 theologiae
1031 1216 1230 1305 scholasticae
1234 1218 1289 1301 fit·
1332 1220 1438 1305 mensis,
1454 1224 1561 1289 recusa
1574 1224 1695 1295 Parisiis
1714 1248 1809 1311 1721,
1828 1231 1906 1299 osio
1921 1233 2064 1299 volumi·

557 1304 813 1384 lisconlimento,
834 1306 975 1389 resperso,
987 1305 1132 1389 faciliori
1147 1302 1289 1371 methodo
1333 1308 1428 1374 nibus
1449 1310 1485 1374 in
1509 1322 1539 1385 8.
1563 1330 1740 1385 nicom
1764 1324 1794 1385 ι’
1819 1338 2061 1387 noemmin

559 1415 607 1459 tes
627 1391 814 1478 theologicas
828 1395 1005 1476 pertrelltt
1022 1394 1087 1465 &a
1129 1392 1181 1459 Au
1205 1389 1289 1461 usiae
1322 1396 1448 1478 flemma
1460 1394 1630 1483 theologiae
1641 1404 1688 1468 ad
1695 1407 1784 1489 vsmm
1794 1404 1919 1488 scholae
1937 1407 2061 1471 adcom-

561 1476 807 1578 Vindelicorutn
836 1483 933 1561 1706,
952 1497 985 1561 4.
1005 1479 1111 1546 lucem
1133 1412 1289 1565 adspexit.
1332 1482 1478 1563 meelate,
1500 1483 1620 1552 Parisiis
1642 1506 1723 1571 1721
1748 1491 1866 1578 septem
1885 1494 2064 1561 volumini.

561 1567 903 1635 Haeretrersnimirum
913 1588 984 1631 non
998 1564 1290 1648 tantumsedathe·
1333 1568 1441 1635 busin
1459 1582 1489 1645 8.
1556 1573 1656 1641 Cuius
1667 1581 1772 1664 operis
1801 1576 1879 1645 dum
1899 1580 1948 1644 vir
1962 1579 2060 1665 longe

561 1657 710 1733 iamiam,
725 1674 762 1718 ac
773 1650 1072 1735 Muhammedanis‚
1083 1652 1186 1721 hoece
1206 1674 1293 1741 opuo
1333 1648 1530 1721 dosiilsrmus
1545 1679 1567 1723 o
1577 1680 1607 1725 a.
1623 1682 1686 1728 aen
1698 1687 1846 1733 nnrnvs
1860 1668 2061 1732 mentionem

561 1740 677 1810 aulior
688 1736 877 1825 oppositum
891 1741 1007 1806 voluit.
1050 1737 1113 1808 Sed
1128 1743 1225 1809 mitto
1239 1763 1290 1809 re·
1331 1740 1419 1825 satit,
1441 1740 1543 1809 addit:
1557 1746 1614 1827 fiel
1629 1748 1850 1832 obseruandum
1886 1750 1934 1839 ess,
1962 1767 2061 1817 temet

563 1830 649 1916 liqua
668 1826 813 1895 eiusdem
834 1831 959 1912 generis
980 1827 1112 1912 scripta,
1147 1848 1289 1914 quorum
1331 1844 1479 1914 quartum
1494 1832 1694 1916 &quintum
1708 1841 1763 1921 qui
1786 1856 1884 1927 egunt
1902 1841 1938 1903 ele
1952 1840 2065 1925 gretie

562 1918 658 2003 longe
672 1913 744 1980 sunt
763 1915 915 2000 plutima,
930 1935 969 1980 eo
992 1914 1097 1980 solum
1117 1918 1291 1981 maximam
1335 1917 1408 1996 Dei,
1420 1914 1510 1981 hodie
1523 1917 1606 1983 inter
1618 1921 1694 2003 ipfits
1709 1924 1819 1990 Galles·
1835 1943 1883 1989 tot
1901 1926 2064 2010 disputati-

562 2020 686 2091 partem
699 2018 897 2086 comparata,
915 2016 951 2067 vt
964 2000 1066 2069 intelli
1088 2022 1189 2082 amus,
1204 2000 1291 2067 fuisse
1334 2022 1428 2067 onum
1444 2004 1483 2075 (s
1494 2006 1639 2071 rixatum
1650 2012 1900 2097 m.ttem'a‚plene
1919 2012 1971 2099 ‘'ffi’
2012 2033 2064 2077 re.

563 2093 685 2177 semper
696 2092 732 2155 in
746 2086 874 2155 ecclesia
889 2108 1037 2169 romana,
1107 2088 1169 2157 effe
1191 2084 1291 2155 hodie
1325 2090 1468 2174 scriptos,
1488 2107 1539 2172 vt,
1559 2092 1620 2178 nist
1637 2094 1793 2181 teriffime,
1824 2102 1863 2170 cs
1881 2102 1959 2183 ceste,
1978 2032 2069 2166 hoel

563 2175 679 2257 adlaue,
688 2178 744 2264 qui
758 2174 1026 2262 nondumnugari
1034 2172 1192 2245 desierint.
1235 2175 1291 2241 Pa·
1332 2179 1546 2260 reperiamur,-
1568 2180 1604 2246 in
1617 2184 1741 2248 Lutetia
1754 2185 1941 2271 Petistotttm
1961 2188 2064 2252 eruli·

563 2262 821 2341 tethimenem,
837 2282 936 2350 quam
950 2263 1294 2350 patumillorompto·
1334 2265 1430 2346 testei
1452 2267 1599 2348 temporis
1620 2288 1644 2331 c.
1666 2275 1710 2337 II.
1726 2291 1760 2356 p.
1779 2292 1829 2357 59.
1895 2275 2065 2340 Nimirum

563 2350 680 2421 fitetint
694 2347 835 2431 consilia,
844 2353 901 2436 qui
913 2347 1081 2420 emendate
1094 2372 1133 2417 ac
1146 2370 1178 2418 re
1201 2370 1294 2436 urga-
1336 2370 1406 2416 non
1431 2353 1582 2417 omnibus
1610 2353 1724 2424 haecce
1750 2357 1919 2445 theologiae
1937 2364 2066 2441 stemma

567 2460 601 2507 re
630 2438 832 2524 theologiam
855 2373 1199 2521 scholasticamadnilh
1212 2438 1293 2504 sunt.
1337 2437 1466 2523 placuit,
1479 2459 1520 2504 eo
1534 2439 1622 2525 quod
1637 2445 1752 2511 auctor
1774 2465 1972 2511 tentanti
2018 2446 2065 2511 la„

564 2526 1071 2612 Pluresinterimquinolseeupit,
1091 2545 1293 2593 camsrora.
1337 2527 1400 2591 cita
1416 2524 1605 2610 sequeretur.
1650 2527 1803 2617 Idemque
1827 2467 2015 2599 obseruanhJ

566 2609 1066 2693 marimanarmvmadeat,
1083 2611 1295 2679 inmeritae
1337 2609 1376 2677 de
1394 2632 1504 2678 cnse.
1524 2633 1692 2684 eveniret
1718 2617 1960 2704 institutionibus
1980 2617 2067 2686 thet·

562 2698 669 2855 ὀΐω.
696 2697 825 2787 theolog.
851 2699 983 2767 litterar.
1005 2700 1088 2765 netis
1111 2697 1295 2787 amplifflmit
1336 2700 1439 2785 logicis
1461 2698 1507 2762 ad
1531 2702 1614 2781 osum
1626 2702 1879 2787 siminttiottem,
1915 2703 2067 2793 Lugduni

563 2790 590 2855 il
612 2785 728 2876 jlreta,
745 2807 774 2851 c.
793 2791 836 2855 ΙΙ.
858 2798 892 2868 5.
913 2790 957 2852 ll.
970 2806 1006 2873 p.
1026 2806 1090 2852 too.
1103 2789 1188 2875 fitqq.
1253 2786 1292 2851 ln
1338 2804 1423 2867 1704
1439 2783 1560 2870 septem
1577 2790 1801 2859 voluminibus
1819 2813 1869 2859 12.
1882 2790 1986 2861 editis.
2016 2794 2068 2860 De

563 2874 671 2942 Gallia
686 2892 808 2955 tamen,
823 2871 913 2960 quod
927 2894 996 2941 non
1012 2870 1227 2954 diffitendum,
1244 2892 1292 2941 re-
1333 2891 1482 2957 vtroque,
1503 2871 1537 2938 ht
1549 2894 1618 2940 mc.
1641 2881 1672 2942 ι’
1686 2898 1913 2946 nranimento
1928 2882 1962 2949 hc
1978 2896 2068 2947 cest.

562 2963 704 3031 centiori
717 2976 818 3030 aetate
831 2960 998 3048 theologia
1005 2959 1190 3029 scholastica
1201 2960 1293 3046 paul·
1335 2978 1518 3025 wemno
1532 2958 1682 3046 legendus
1698 2986 1774 3032 evo.
1790 2986 1841 3032 ει.
1861 2987 1907 3033 ov
1921 2988 1978 3032 ent
1994 2984 2067 3031 not.

556 3051 598 3119 lo
612 3048 742 3115 meliori
755 3046 834 3116 facie
847 3046 1008 3116 interdum
1023 3047 1161 3136 prodiitq
1182 3042 1293 3114 etseid·
1335 3043 1477 3113 biblioth.
1492 3044 1544 3110 des
1565 3065 1692 3113 anteum
1712 3050 1862 3141 ecclesiast.
1881 3069 1957 3120 tom.
1981 3054 2069 3117 Xlls.

515 3188 534 3211 ,
557 3158 605 3207 eo
620 3137 1166 3223 nonomniumnaeuorumexpere.
1194 3128 1295 3200 Haud
1335 3140 1517 3220 omisi·
1561 3134 1713 3221 Reliquos
1729 3154 1800 3205 tum
1815 3158 1852 3206 ex
1864 3138 1977 3221 Gallis,
1994 3154 2072 3223 tum

559 3224 721 3291 vltimum
739 3225 821 3289 inter
836 3223 929 3303 illos,
965 3226 1022 3311 qui
1044 3226 1080 3289 in
1096 3245 1134 3290 ea
1153 3222 1298 3291 elabora·
1340 3240 1379 3289 ex
1393 3221 1480 3285 ltalia
1494 3236 1590 3305 atque
1608 3221 1772 3308 Hispanis,
1793 3246 1935 3312 quorum
1955 3224 2068 3313 scripta

560 3328 655 3391 ment,
671 3309 783 3375 locum
796 3327 884 3374 tenet
896 3330 941 3377 ιο.
959 3330 1055 3377 aare.
1069 3331 1121 3377 ov
1140 3328 1297 3387 tramae,
1340 3305 1524 3393 dogmatica
1554 3309 1590 3375 δι
1618 3306 1814 3395 systematica
1843 3315 2071 3393 innotuerunt,

560 3398 658 3467 euius
670 3396 706 3463 lt
720 3398 805 3463 inter
819 3393 1031 3483 philosophos
1045 3394 1132 3464 haud
1145 3400 1298 3550 iffirotum
1340 3392 1480 3461 recenset
1491 3412 1690 3463 canterma.
1704 3416 1837 3464 marra.
1859 3412 2071 3481 reiteres,

560 3504 694 3555 nomen
710 3479 764 3564 esi,
779 3487 888 3568 quiue,
909 3483 1109 3571 theologiam
1135 3483 1166 3548 sc
1191 3479 1299 3548 olasti·
1340 3484 1379 3549 in
1402 3480 1516 3546 introd.
1534 3483 1579 3545 ed
1593 3480 1697 3567 histor.
1718 3482 1810 3550 theol.
1834 3484 1966 3550 litterar.
1987 3486 2072 3550 notis

563 3592 644 3643 eam
667 3590 744 3637 cum
764 3568 927 3657 patristica
946 3566 1189 3657 coniungendo,
1207 3568 1300 3634 illam
1341 3563 1702 3653 emplifflmisilltqlmta,
1715 3569 1771 3633 lie.
1793 3574 1838 3635 ll.
1855 3588 1887 3654 p.
1909 3590 1973 3653 eoo.
1983 3574 2071 3655 seqq.

563 3677 747 3742 vteumque
760 3653 1066 3743 emendarevpluim
1088 3652 1301 3743 quemadmo·
1344 3650 1622 3739 Diffitendumque
1638 3675 1708 3721 non
1730 3650 1785 3735 est,
1816 3654 1976 3723 eiusmodi
1996 3656 2072 3723 scti-

569 3746 652 3815 dum
675 3740 969 3829 &philosophiam
995 3763 1137 3812 veterem
1156 3764 1231 3810 cum
1253 3760 1304 3809 re-
1346 3760 1479 3831 ptorum
1502 3743 1653 3807 notitiam
1681 3739 1916 3810 admiratiorem
1937 3764 1955 3809 a
1978 3742 2074 3833 nobie¹

569 3833 707 3901 eentiori
722 3834 945 3897 coniunxerat.
989 3828 1112 3898 Prodiit
1135 3833 1202 3898 eius
1217 3827 1305 3896 theo·
1347 3828 1405 3897 exs
1422 3824 1589 3895 celandam
1605 3850 1674 3894 non
1685 3828 1757 3910 else,
1774 3850 1849 3895 cum
1865 3830 1931 3911 illa,
1948 3832 2074 3981 (quaein

569 3917 846 4007 logitspecultttix
866 3919 905 3987 (ἔ
919 3919 1062 4002 pralliu
1078 3920 1169 3983 iuxta
1180 3918 1305 4001 stenho-
1349 3919 1361 3987 l
1409 3918 1440 3981 ia
1453 3936 1490 3981 ac
1509 3914 1679 4001 Hispania,
1693 3917 1748 3981 vbi
1762 3915 1953 3982 libroruma
1981 3912 2075 3982 scho-

573 4026 645 4071 rtmt
653 4022 783 4090 petrem
798 4004 945 4089 degenere
962 4008 1171 4090 pertralleta,
1208 4002 1248 4073 et
1260 4001 1306 4067 eo
1349 4000 1493 4071 lasticam
1526 4002 1563 4070 δι
1603 4000 1838 4090 systematicam
1872 3998 2076 4089 theologiam

572 4093 655 4176 ostem
659 4091 783 4177 scholae
802 4092 1048 4173 adcommodata,
1068 4090 1188 4160 Parisiis
1212 4108 1301 4157 anno
1346 4088 1577 4179 spectantium,
1614 4091 1789 4157 vberrimua
1814 4105 1995 4175 prouentus
2015 4084 2078 4169 est,¹

575 4184 658 4262 1691
675 4179 797 4264 septem
808 4178 1029 4246 voluminibus
1043 4183 1078 4246 in
1086 4190 1118 4255 8.
1134 4200 1172 4247 ex
1188 4178 1303 4264 quibus
1346 4180 1393 4246 im
1416 4178 1589 4259 rimentur,
1604 4196 1676 4245 raro
1690 4172 1806 4243 adnot
1819 4176 2025 4261 perueniant3
2038 4174 2078 4241 in

573 4264 723 4351 deinceps
732 4262 1181 4350 compendiumconcinnauit
1195 4264 1304 4332 inscri-
1347 4288 1365 4334 e
1389 4198 1603 4332 hetneridibus
1638 4282 1769 4350 quoque
1801 4258 2003 4329 eruditorum
2020 4260 2079 4329 vit

573 4368 686 4439 ptume
708 4349 1304 4439 theologiaeclericoremsemineriistl·
1346 4286 1410 4421 tha
1431 4371 1545 4417 eorum
1566 4349 1721 4419 habeatur
1739 4350 1833 4417 ratio.
1897 4348 1946 4415 'Ex
1965 4344 2078 4413 Gallie

573 4438 785 4503 commodatae
795 4440 1015 4521 summarium,
1040 4439 1226 4528 editumque
1245 4440 1304 4507 Pa-
1346 4456 1469 4520 autem,
1492 4438 1527 4507 δι
1554 4435 1686 4524 quidem
1713 4428 1949 4518 recentissimis,
1972 4430 2087 4523 adhue·

573 4519 656 4591 risis
679 4528 764 4608 ¹⁶94
791 4528 936 4611 quinque
957 4528 1177 4596 voluminibus
1196 4530 1231 4594 in
1251 4546 1305 4595 12.
1348 4522 1513 4596 addendus
1528 4544 1620 4591 aar.
1635 4542 1810 4603 novena,
1824 4524 1881 4609 qui
1892 4520 2085 4613 theologiam¹

574 4611 665 4679 Inter
679 4614 858 4679 recentiora
876 4618 1078 4702 ceteroquin,
1093 4620 1184 4703 {quae
1198 4616 1307 4683 Gallia
1345 4631 1475 4703 potrum
1484 4608 1895 4702 scholastria-dogmaticam,
1906 4610 1965 4697 Jetl
1977 4608 2088 4675 maxia

2008 2552 2065 2599 um

571 4696 676 4781 dedit,
691 4694 858 4787 systemata
874 4699 1070 4797 theologica,
1084 4706 1231 4785 emittent
1242 4722 1310 4781 na·
1350 4722 1401 4778 ttt
1415 4699 1593 4795 pofitmm,
1613 4696 1707 4781 edere
1726 4698 1846 4790 eoepit.
1910 4692 2083 4769 constabit

638 4806 720 4863 eto.
743 4805 899 4862 ottone.
1461 4787 1561 4863 hta
1998 4798 2088 4872 opus
