5259 5967
1114 942 1247 1044 1⁸²

1646 928 1931 995 LIBRI
2000 922 2706 993 PosTEMolus
2778 918 3130 987 CAPVT
3175 916 3652 987 TERTWM

1084 1078 1169 1143 cis
1194 1099 1236 1141 a
1258 1074 1629 1139 Bruarmino
1654 1073 1735 1143 ὅ
1759 1072 1907 1137 aliis
1936 1068 2170 1156 omiffi's,
2197 1069 2285 1134 ad
2325 1090 2569 1133 annum

1086 1166 1231 1247 1462
1283 1162 1379 1227 vel
1388 1160 1479 1223 ad
1486 1174 1687 1223 artem
1718 1158 2218 1245 typographicam
2232 1160 2575 1238 inuentam,

1086 1246 1330 1315 Parisiis
1350 1268 1455 1312 an.
1488 1248 1679 1325 1686,
1724 1258 1787 1322 8.
1880 1248 2121 1311 Maiori
2154 1244 2285 1312 hoc
2326 1244 2559 1331 ampli-

1086 1338 1316 1420 orique
1344 1335 1549 1419 operi,
1576 1332 1681 1397 seu
1721 1334 2161 1397 commentario
2198 1330 2275 1397 tle
2300 1330 2559 1415 βήμα-

1087 1422 1263 1488 ribus
1289 1418 1553 1503 ecclesiae
1592 1420 1893 1504 antiquis,
1926 1416 2331 1486 occasionem
2366 1414 2563 1493 dadin

1088 1506 1172 1575 de
1222 1530 1356 1591 quo
1412 1504 1707 1591 deinceps
1760 1525 1835 1571 ex
1886 1502 2178 1571 instituto
2236 1499 2547 1571 dicemus.

1088 1590 1239 1662 Post
1262 1614 1297 1659 n
1318 1616 1353 1660 ε
1372 1614 1410 1661 ι
1426 1614 1465 1659 1.
1483 1613 1524 1659 Α
1546 1615 1587 1658 ι
1608 1614 1663 1658 M
1680 1614 1701 1657 1
1720 1614 1767 1659 it
1782 1614 1821 1657 v
1840 1612 1895 1657 Μ
1942 1596 2111 1659 inter
2151 1590 2558 1657 romanenses

1090 1683 1284 1749 nobis
1314 1675 1929 1747 commemorandus
1956 1678 2041 1745 est
2070 1701 2159 1744 ιν
2180 1701 2247 1744 n.
2280 1700 2315 1743 ε
2336 1699 2427 1743 LL
2448 1697 2469 1742 1
2494 1697 2563 1743 ts

1092 1787 1143 1835 D
1160 1790 1203 1833 v
1248 1789 1321 1834 τι
1342 1788 1411 1847 8,
1440 1770 1553 1853 qui
1605 1764 2039 1833 bibliothecam
2062 1766 2435 1849 ftrt'ptorum
2474 1783 2567 1827 ec-

1093 1852 1551 1941 clestasticorum
1616 1852 1837 1937 lingua
1890 1854 2204 1938 gallicana
2253 1848 2571 1930 condidit,

1092 1960 1451 2025 omnesque
1530 1936 1865 2023 scriptores
1960 1935 2445 2017 ecclesiasticos,
2533 1958 2571 2001 a

1094 2030 1319 2115 primo
1335 2022 1628 2093 eeclesiae
1642 2022 2017 2091 christianae
2033 2026 2227 2091 initio
2249 2021 2331 2091 ad
2352 2023 2455 2089 sua
2470 2045 2573 2089 vs-

1147 2135 1227 2179 ue
1262 2132 1555 2197 tempora
1604 2132 1734 2177 xix
1772 2116 1967 2177 tomis
2012 2113 2385 2196 complexus
2432 2107 2563 2186 est,

1098 2136 1411 2287 aquidem
1440 2195 1519 2265 de
1566 2197 1972 2283 scriptoribus
2011 2195 2425 2266 ecclesiasticis
2469 2196 2564 2263 sui

1100 2288 1412 2369 temporis
1441 2282 1760 2371 (ecclesiae
1798 2284 2035 2354 scilicet
2061 2306 2370 2352 romanae
2386 2278 2566 2350 addi-

1102 2374 1253 2457 stis)
1290 2392 1479 2438 tomo
1512 2370 1767 2438 decimo
1794 2393 1980 2439 nono
2008 2375 2159 2459 agit.
2252 2367 2563 2456 Quande,

1102 2462 1175 2529 δε
1206 2462 1335 2540 vbi,
1374 2461 1647 2611 quisque
1694 2475 1949 2539 tomus,
1993 2475 2262 2545 excepto
2306 2460 2563 2537 vltimo,

1100 2548 1314 2613 lucem
1342 2569 1377 2610 a
1422 2544 1725 2631 spexetit,
1801 2542 2123 2613 indicatur
2162 2568 2201 2613 a
2246 2565 2568 2613 cuiusr.

1102 2654 1203 2702 ιν
1222 2656 1265 2699 n
1284 2655 1325 2698 ο
1344 2654 1385 2699 v
1402 2654 1419 2696 1
1436 2652 1475 2697 c
1496 2656 1535 2711 ι,
1587 2636 1659 2697 in
1698 2633 2207 2699 adnotationibus
2250 2628 2335 2699 ad
2376 2654 2417 2697 τ
2436 2654 2481 2699 u
2503 2652 2573 2697 0.

1103 2742 1126 2787 i
1144 2743 1187 2787 ἰ’
1201 2742 1244 2786 τ
1262 2741 1279 2783 ι
1294 2740 1337 2785 e
1356 2740 1377 2783 1
1396 2740 1411 2783 ι
1425 2719 1803 2802 ftbediasma
1830 2721 1903 2785 de
1928 2720 2305 2798 arctioribus,
2348 2719 2459 2803 qui
2494 2718 2572 2782 de

1084 2808 1495 2892 ssn'ptoribur
1527 2804 1914 2892 ecclqfiaeflt'cis
1942 2823 2211 2892 egerunt,
2243 2803 2325 2871 ad
2362 2812 2425 2887 §.
2456 2806 2571 2869 IX.

1096 2912 1169 2980 p.
1202 2912 1288 2973 ²5·
1378 2891 1532 2956 Tres
1562 2894 1805 2975 priores
1836 2900 2001 2959 tomi
2041 2897 2109 2958 in
2145 2895 2433 2978 linguam
2476 2890 2569 2955 la-

1106 2982 1314 3043 tinam
1333 2972 1621 3042 conuerfi
1634 2998 1736 3041 an.
1760 2981 1921 3057 1692
1956 2980 2023 3046 &
2055 2998 2137 3059 93
2171 2974 2569 3065 prodierunt3

1110 3064 1518 3148 referuntque
1562 3066 1889 3143 nonnulli,
1935 3088 2083 3129 eum
2122 3070 2189 3131 in
2214 3066 2437 3131 animo
2456 3063 2568 3129 ha·

1108 3150 1329 3229 buiffe,
1364 3166 1569 3215 totam
1595 3148 1779 3217 istam
1808 3152 2291 3231 bibliothecam,
2326 3152 2394 3219 &
2427 3152 2565 3236 qui-

1110 3233 1260 3303 dem
1290 3237 1666 3317 auctiorem,
1696 3238 1914 3323 lingua
1942 3240 2137 3305 latina
2168 3235 2341 3319 dare,
2388 3233 2567 3321 quod

1108 3340 1351 3403 tamen,
1382 3344 1591 3389 morte
1638 3344 2053 3409 praeuentuS,
2107 3320 2348 3390 efficere
2390 3320 2565 3388 haud

1112 3412 1421 3497 potuerit.
1472 3408 1799 3495 Legendus
1826 3408 1943 3476 hac
1971 3410 2049 3478 de
2075 3434 2142 3478 re
2173 3430 2567 3477 cniusrorn.

1110 3518 1430 3563 Mlti-Tu.
1464 3517 1862 3575 »ΡΜ-τινε,
1901 3500 1968 3561 in
1995 3500 2326 3563 introdut‘l.
2358 3500 2426 3562 in
2466 3496 2606 3562 bi-,-

1096 3584 1250 3673 flor.
1273 3581 1529 3669 theolog.
1556 3584 1819 3647 litterar.
1852 3584 1957 3649 lib.
1986 3588 2095 3649 IV.
2122 3594 2190 3663 §-
2226 3588 2569 3668 V11.p.315.

1113 3667 1390 3737 Tametsi
1431 3690 1646 3735 autem
1684 3669 2041 3735 multorum
2100 3670 2572 3756 adprobatione

1112 3777 1280 3841 opus
1314 3754 1519 3823 hocce
1545 3760 1967 3841 exciperetur3
2026 3778 2165 3823 non
2218 3775 2435 3824 tamen
2478 3778 2513 3823 e
2543 3797 2570 3812 -

1110 3844 1247 3909 iam
1275 3840 1632 3923 definerunt,
1661 3846 1773 3928 qui
1803 3864 2043 3911 naeuos
2072 3845 2308 3911 multos
2353 3866 2429 3909 ac
2476 3864 2509 3909 e

1111 3949 1287 3996 rores
1318 3933 1389 3995 in
1428 3950 1509 3995 eo
1534 3928 1645 3996 fibi
1691 3930 1997 3996 inuenisse
2034 3926 2426 4011 viderentur,
2498 3929 2573 3995 il-

1110 4013 1354 4103 ludque
1396 4019 1576 4103 graui
1630 4018 1888 4081 censura
1929 4036 2247 4084 notarent.
2379 4012 2575 4083 Haud

1111 4103 1375 4171 Vltimus
1404 4106 1569 4171 inter
1592 4103 1738 4169 illos
1764 4102 1885 4169 fuit
1914 4125 1989 4170 ni
2008 4125 2129 4169 cn.
2161 4126 2187 4168 s
2208 4128 2225 4169 1
2245 4126 2303 4169 M
2320 4126 2360 4169 o
2380 4126 2449 4184 a,
2471 4105 2573 4169 cui

1110 4193 1185 4257 in
1216 4212 1401 4257 more
1440 4188 1716 4276 positum
1747 4209 1901 4270 erat,
1935 4207 2004 4255 vt
2032 4211 2107 4256 ex
2134 4192 2411 4257 aliorum
2453 4192 2573 4253 im-

1110 4298 1199 4363 pu
1248 4280 1508 4346 natione
1538 4274 1795 4344 laudem
1808 4294 2157 4362 quaereret.
2202 4278 2376 4345 Cum
2394 4280 2571 4343 enim

1113 4368 1180 4431 vi
1228 4364 1362 4432 iffet
1378 4411 1401 4447 ,
1479 4368 1549 4431 in
1586 4362 1996 4451 diffirutione
2037 4364 2433 4431 bibliothecae
2458 4364 2570 4427 du-

1112 4454 1424 4515 Pinianae
1461 4453 1901 4535 praeliminari
1949 4448 2209 4539 systema
2258 4451 2443 4518 suum
2492 4446 2571 4517 de

1114 4537 1529 4621 inspiratione
1559 4536 1765 4605 sacrae
1794 4539 2159 4627 scripturae,
2204 4538 2274 4607 δι
2302 4535 2379 4605 de
2420 4536 2569 4603 scri-

1118 4624 1233 4702 bis,
1264 4644 1427 4713 quos
1454 4618 1659 4705 fiuxit,
1687 4628 1758 4691 in
1787 4646 1979 4712 gente
2008 4626 2229 4692 ebt-aea
2274 4624 2569 4711 publicis,

1116 4709 1517 4791 iznpuonar13
1545 4714 1768 4777 acerba
1787 4732 1941 4777 mox
1957 4712 2213 4777 cens-,im
2230 4713 2301 4779 &
2318 4712 2575 4791 librum,

1118 4793 1187 4867 6,(
1201 4760 1553 4874 ευὸοτειη,
1571 4794 1951 4882 perstrinxit,
1966 4804 2039 4863 'm
2070 4798 2364 4877 truttam,
2382 4817 2576 4883 quem

1116 4878 1199 4949 de
1220 4881 1618 4965 inspiratione
1646 4880 1885 4968 edidit,
1966 4886 2251 4973 itemque
2302 4884 2419 4952 sub
2469 4904 2572 4953 ιο.

2659 1088 3127 1139 ιενοιιιηιι
3178 1068 3453 1134 nomine
3487 1066 3774 1147 latitans,
3817 1070 3888 1133 in
3944 1067 4144 1153 differ-

2661 1174 2780 1224 taet.
2807 1158 3022 1220 critica
3035 1158 3224 1239 super
3249 1174 3481 1219 nouam
3523 1152 3964 1219 bibliothecam
3986 1154 4141 1238 firi.

2640 1263 2892 1332 ptorttm
2919 1240 3474 1327 ecclqfiasticorm3
3521 1258 3665 1307 tum
3692 1240 3930 1321 rursm,
3961 1239 4133 1328 post·

2648 1352 2846 1419 quam
2875 1350 2963 1396 nv
3005 1347 3254 1395 nutvs
3303 1331 3373 1393 in
3409 1328 3857 1415 prolegomenis
3902 1328 4138 1393 biblicis

2649 1419 2928 1485 caussam
2966 1415 3146 1482 suam
3193 1416 3452 1501 egisset,
3530 1419 3598 1481 in
3625 1413 3887 1501 epistolis
3912 1416 4134 1480 criticis

2653 1503 2976 1583 eumdem,
3012 1523 3130 1568 ceu
3165 1522 3429 1591 graecae
3461 1523 3534 1567 ac
3580 1504 3843 1568 ebraeae
3885 1501 4130 1589 liuguae

2651 1596 2991 1679 ignarum,
3069 1590 3136 1655 δε
3169 1591 3428 1655 criticae
3456 1589 3660 1655 saetae
3709 1588 3902 1675 plane
3930 1592 4124 1675 impa-

2655 1701 2816 1758 rem,
2851 1672 3150 1743 traduxit.
3240 1676 3441 1755 Alter,
3485 1696 3678 1761 quem
3727 1698 3894 1761 opus
3935 1676 4126 1745 hocce

2658 1787 2748 1835 nv
2782 1786 2860 1831 Px
2881 1788 2928 1831 u
2949 1783 3004 1829 ιι
3031 1780 3323 1847 expertus
3353 1758 3459 1843 est,
3494 1760 3910 1844 aduersarius,
3951 1766 4129 1849 quiue

2658 1870 2918 1920 tomum
2987 1853 3308 1934 primum,
3389 1845 3618 1915 deinde
3667 1850 3738 1916 ce
3787 1848 4122 1917 secundum

2659 1938 2990 2006 censuram
3022 1936 3228 2003 subire
3259 1929 3466 2015 iuffit,
3539 1934 3608 2001 <Sc
3649 1958 3966 2005 Matrix.
4013 1959 4120 2003 rz-

2659 2042 3142 2102 rirnxmzn,
3185 2026 3289 2088 cui
3339 2019 3698 2106 displicuit,
3757 2023 3941 2110 quod
3987 2046 4120 2091 can-

2653 2110 2800 2181 dide
2825 2110 3008 2175 famis
3043 2110 3210 2189 effet,
3259 2110 3454 2175 libros
3503 2111 3924 2198 apocryphos
3967 2130 4119 2177 vete-

2653 2202 2742 2269 ris
2779 2194 3170 2277 testamenti,
3209 2216 3278 2262 vt
3333 2196 3569 2277 Iudith,
3597 2199 3956 2281 stipientiae
4011 2199 4121 2269 (sc.

2653 2287 3004 2373 a·patribus
3049 2286 3245 2351 trium
3287 2285 3656 2369 primorum
3711 2284 4118 2365 saeculorum,

2653 2394 2933 2460 quorum
2963 2370 3186 2456 scripta
3215 2368 3566 2457 supersunt,
3600 2374 3798 2458 quiue
3843 2393 3922 2437 ex
3958 2368 4140 2438 insti-·

2657 2480 2804 2526 tuto
2829 2456 2908 2525 de
2936 2480 3190 2524 canone
3217 2480 3254 2523 a
3302 2478 3439 2535 unt,
3468 2479 3586 2543 pro
3619 2462 3956 2524 canonicis
3991 2480 4110 2525 non

2659 2545 2837 2613 fuisse
2881 2540 3172 2620 habitos3
3279 2566 3310 2611 e
3357 2546 3730 2630 purgatorio
3778 2543 3958 2631 apud
3999 2566 4117 2613 eos·

2659 2632 2806 2702 dem
2853 2632 3015 2698 nihil
3055 2633 3374 2707 inueniri,
3420 2634 3510 2697 vti
3551 2654 3670 2698 nec
3731 2630 3812 2699 de
3865 2650 4116 2719 peccato

2657 2720 2964 2805 originis,
3013 2721 3272 2801 eiusque
3311 2719 3522 2804 culpa,
3583 2740 3750 2805 quae
3795 2718 4112 2787 traditioni

2659 2802 2989 2873 distinctae
3032 2800 3379 2880 sufficiant,
3470 2806 3539 2873 &
3574 2826 3741 2891 quae
3801 2807 3928 2874 alia
3983 2806 4110 2872 sunt

2657 2889 2938 2959 eiusdem
2959 2895 3226 2977 generis.
3321 2892 3495 2957 Hinc
3533 2893 3984 2975 obstruatiottes
4004 2898 4113 2977 (re-

2653 2978 2966 3062 maerques)
2985 2980 3174 3062 stipe.»-
3205 2978 3638 3066 bibliothecam
3644 2980 4018 3064 striptorttm
4031 3000 4111 3044 ec·

2657 3062 3102 3150 cltfitsticorm-tt
3141 3067 3195 3130 ei
3237 3065 3564 3151 opposuit,
3615 3065 3862 3133 Parisiis
3945 3074 4110 3145 1691,

2658 3165 2718 3227 8.
2746 3152 2826 3217 ad
2854 3173 3010 3235 quas
3041 3150 3193 3217 dum
3225 3174 3310 3217 »v
3345 3172 3594 3217 Pimvs
3626 3170 3792 3219 tomo
3831 3157 3930 3219 VI
3955 3153 4112 3219 bibli·

2651 3237 2898 3304 other-,tt
2927 3239 3070 3303 suae
3106 3236 3421 3325 quaedam
3451 3232 3796 3325 regeffizi'et,
3834 3260 4110 3308 Ρετιτιιι-

2655 3346 2888 3392 »ιε-,ιιι
2908 3346 2986 3388 vs
3018 3347 3102 3390 an
3149 3330 3310 3405 1692
3339 3328 3602 3390 alteram
3635 3329 4110 3409 obstruationm

2654 3409 2904 3478 suarum
2942 3429 3192 3495 partem
3224 3408 3438 3478 edidit.
3527 3412 3720 3480 Hisce
3752 3438 3912 3481 mox
3949 3416 4106 3481 terti·

2656 3520 2756 3577 us,
2837 3500 3226 3584 reliquisque
3253 3520 3322 3563 vt
3349 3503 3686 3585 potentior
3710 3548 3730 3582 ,
3806 3505 3902 3568 ita
3929 3502 4110 3589 magis
4197 3537 4201 3561 ι

2663 3582 3108 3651 formidandus
3149 3583 3539 3651 aduersarius
3591 3608 3757 3653 me.
3801 3610 4111 3655 nzmcuvs
4196 3606 4201 3628 ¹

2658 3692 3098 3739 nossvtrvs
3129 3668 3397 3754 acceffit,
3426 3695 3622 3757 quem
3651 3674 3993 3743 offendisse
4035 3694 4110 3743 nv
4196 3675 4201 3715 ³

2659 3778 2934 3830 rimus
2968 3754 3264 3837 credi-tur,
3299 3760 3520 3825 emisso
3551 3763 3622 3825 in
3653 3762 3758 3827 vul
3811 3784 3883 3829 us
3929 3762 4106 3829 lutino

2659 3844 2952 3911 sermone
2974 3846 3128 3911 libro
3155 3844 3437 3929 pfielterii
3463 3868 3600 3910 cum
3629 3784 3907 3933 vetssone
3941 3870 4108 3927 nouo,

2662 3928 2746 3997 ad
2792 3932 2956 3997 latus
2995 3932 3316 4016 vulgatae,
3389 3930 3774 4019 scholiisque
3815 3938 4110 4017 breuibus,

2662 4039 2809 4085 cum
2837 4014 3070 4085 eodem
3114 4036 3404 4104 tempore
3457 4022 3616 4101 1691
3673 4044 4107 4092 nossvsrvs

2662 4102 2888 4169 librum
2907 4105 3188 4187 pstlterii
3213 4128 3363 4171 cum
3393 4110 3565 4172 notis
3602 4106 3724 4173 suis
3758 4111 3886 4177 luci
3919 4112 4104 4198 publi-

2663 4212 2774 4255 cae
2801 4191 3194 4277 exposuisset.
3279 4192 3555 4259 Auditae
3601 4215 3742 4261 tum
3783 4196 3932 4266 sunt
3973 4218 4104 4286 que-

2656 4278 2818 4343 relae
2845 4274 3092 4363 grauiffi
3101 4300 3239 4345 mac
3259 4276 3335 4345 de
3351 4278 3542 4345 hacce
3557 4282 3954 4366 bibliotheca,
3967 4290 4104 4353 eius-

2660 4386 2783 4450 que
2812 4366 3094 4445 audtoze,
3125 4365 3302 4452 quod
3337 4369 3612 4453 plurima
3645 4392 3678 4436 e
3763 4372 4106 4441 retestanti·

2659 4472 2774 4517 um
2802 4450 3049 4537 scriptis
3077 4450 3386 4534 hausisset,
3417 4451 3562 4522 fidei
3608 4475 3710 4523 cat
3759 4459 3968 4529 olicae
4001 4480 4104 4528 no-
4178 4449 4188 4460 ¹

2657 4540 2785 4621 xia,
2819 4536 3000 4624 quod
3024 4538 3482 4607 Nestotianam
3520 4540 3806 4613 haeresin
3847 4542 4101 4615 excusa!²

2663 4621 2771 4703 set,
2813 4626 2891 4691 de
2916 4624 3274 4713 imaginum
3305 4628 3478 4695 cultu
3509 4626 3734 4717 frigide
3762 4634 3960 4703 nimis
3981 4632 4102 4703 scri·

2709 4706 2884 4792 sisset,
2911 4714 2978 4779 ἀ
3005 4734 3167 4799 quae
3189 4714 3313 4781 alia
3341 4734 3518 4782 erant
3539 4716 3830 4787 eiusdem
3853 4724 4104 4811 generis.

2719 4794 2956 4897 andem
2976 4820 3054 4867 eo
3082 4820 3180 4869 tes
3231 4807 3564 4887 peruenit,
3610 4824 3682 4871 vt
3725 4828 3815 4873 nv
3875 4810 4106 4879 νηπίη

2655 4882 3129 4973 declarationem
3151 4886 3260 4961 seu
3271 4890 3778 4961 mundationem
3808 4894 3996 4971 edere
4009 4918 4106 4966 co-

3843 5004 4104 5081 germ,
