5259 5967
556 690 622 765 384
840 604 976 739 imm
1003 662 1348 737 rosrrmotrs
1377 604 1546 735 cnrvr
1577 662 1789 735 trinum
1845 664 1868 703 κ

568 776 867 801 ...m-*nn-
1295 780 1658 794 ---—..-.-—-
1755 766 2042 793 -ι-ι*

348 808 362 829 ”
441 840 447 855 ’
561 823 636 903 rita,
651 816 891 906 pertradlentur,
908 815 1066 881 aratione
1078 812 1214 877 minime
1234 811 1290 876 ab·
1329 814 1444 898 pudere
1465 814 1561 878 debat.
1628 812 1738 901 Quid?
1760 812 1926 898 quodcirca
1946 816 2042 901 vestig,

563 910 674 977 horret
681 930 694 986 ς
719 926 790 971 non
802 904 915 969 omnia
926 918 1046 980 tamen,
1068 920 1152 984 quae
1171 902 1207 965 in
1221 898 1289 965 the·
1334 899 1606 985 adpareantfaiia
1622 902 1655 963 in
1671 898 1786 987 etgajia
1799 896 1940 985 epistolae
1954 902 2000 965 ad
2012 906 2042 967 R·

565 998 674 1082 ologia
692 989 876 1079 dogmatica
903 984 1057 1054 tradenda
1078 986 1162 1065 sunt,
1184 986 1288 1052 secun·
1335 1008 1454 1067 manos,
1467 988 1524 1051 elii
1538 986 1688 1073 apostolati
1696 990 1817 1070 exon'its
1831 1007 1853 1049 a
1858 986 1926 1073 fine
1939 986 2042 1053 emh

564 1082 643 1151 dum
656 1080 740 1147 hanc
756 1074 949 1144 methodum
968 1076 1029 1141 rite
1044 1071 1170 1159 disponi
1191 1070 1291 1158 posl'e,
1335 1076 1415 1139 mini
1434 1074 1645 1139 damnationis
1663 1094 1727 1153 reo,
1747 1074 1965 1161 beatificando,
1973 1074 2042 1163 fine.

566 1192 628 1251 res,
644 1187 737 1255 puto,
761 1165 824 1253 ipsa
840 1161 944 1231 docet.
990 1162 1033 1227 Vt
1057 1162 1203 1245 exemplo
1222 1180 1292 1225 rem
1336 1160 1353 1221 ὗ
1364 1162 1497 1246 firlatem
1512 1166 1551 1235 ὅ
1579 1161 1800 1227 beatitudinem
1815 1162 1978 1245 proponit,
2000 1182 2026 1225 c.

564 1256 771 1333 declaremus,
786 1254 833 1319 illi
846 1248 916 1337 ipfi,
939 1250 997 1334 qui
1020 1248 1140 1315 hancce
1165 1242 1292 1312 metho-
1335 1254 1375 1314 16.
1392 1252 1450 1321 ΙΙΙ.
1462 1271 1491 1331 9.
1499 1250 1660 1335 subiungit
1673 1247 1775 1312 inedia
1789 1244 2043 1333 instficationit,t

563 1342 643 1413 dum
665 1343 847 1428 sequuntur,
863 1338 1078 1423 prorsusintcr
1092 1335 1121 1399 se
1135 1356 1205 1398 non
1214 1354 1292 1398 con·
1334 1334 1427 1402 buius
1433 1333 2043 1419 frittstttn,snniiimoninm,solatia,diti

565 1434 715 1508 ueniunt,
725 1429 778 1495 vbi
793 1424 831 1493 de
840 1418 1293 1509 praedestinationeagendum
1332 1424 1465 1509 plinam.
1509 1420 1619 1501 Addit,
1634 1420 1780 1489 eamdem
1801 1416 1951 1487 methodi
1972 1424 2043 1489 ratic

566 1518 613 1589 stt.
658 1514 822 1582 Nonnulli
839 1516 871 1576 in
886 1510 1022 1575 articulo
1039 1503 1078 1572 de
1093 1508 1176 1587 Deo,
1192 1528 1293 1593 quan·
1338 1532 1425 1592 nem,
1441 1512 1476 1575 in
1489 1512 1572 1575 notit
1584 1508 1624 1575 ad
1639 1507 1759 1575 iliatth.
1779 1512 1816 1573 V.
1826 1528 1861 1594 p.
1873 1528 1922 1590 7p.
1947 1506 2043 1575 notas

566 1604 611 1671 do
632 1600 672 1669 de
685 1600 818 1668 decretis
841 1596 958 1663 diuinis
971 1597 1181 1681 praecipiunt,
1197 1598 1294 1660 etiam
1338 1617 1485 1665 rursm.
1520 1616 1782 1671 scumrorvsm
1812 1598 1849 1661 in
1882 1594 2043 1680 bodosopbi

565 1686 862 1779 praedestinationis
889 1684 1090 1747 mentionem
1122 1682 1222 1747 facere
1246 1680 1291 1747 so·
1338 1683 1517 1770 christiana,
1534 1686 1671 1769 praefat.
1682 1700 1715 1768 p.
1729 1704 1766 1764 5.
1827 1680 1949 1749 Nescio
1973 1703 2043 1747 ant

565 1782 653 1850 lente
674 1794 750 1839 curn
762 1790 871 1835 tamen
885 1772 930 1835 rei
944 1770 1080 1855 grauitas
1094 1767 1244 1855 poslulet,
1259 1785 1293 1833 vt
1338 1792 1428 1837 mnes
1452 1773 1487 1835 in
1508 1770 1591 1837 hisce
1611 1772 1691 1836 locis
1718 1764 1915 1836 methodum
1933 1768 2043 1857 analyr

565 1862 606 1930 de
617 1883 654 1927 ea
662 1881 701 1927 ex
715 1855 872 1937 inllituto,
882 1856 916 1922 δι
931 1856 1083 1942 peculiari
1098 1858 1214 1942 capite,
1221 1874 1295 1941 aga·
1337 1879 1408 1924 cam
1421 1854 1482 1923 sint
1498 1854 1740 1945 deprehensuri3
1763 1852 1796 1923 id
1808 1872 1944 1935 cerrum,
1966 1854 2043 1923 serua

566 1968 630 2016 tur.
696 1946 761 2011 Alii
788 1966 862 2010 cum
884 1942 999 2008 mullas
1014 1942 1119 2008 salutis
1137 1946 1293 2027 explicare
1337 1964 1442 2011 torem
1455 1943 1612 2024 nostrum,
1652 1945 1769 2028 pariter
1789 1964 1826 2008 ac
1841 1942 1992 2023 Paulum,
2029 1942 2044 2011 d

565 2036 740 2121 incipiunt,
754 2036 837 2099 inter
852 2052 902 2097 eas
922 2034 1111 2115 cumgratia
1133 2028 1293 2097 uniuersa·
1337 2030 1433 2098 hacce
1444 2029 1601 2098 methodo
1616 2052 1686 2097 non
1704 2028 1864 2117 cogitasse,
1880 2030 1991 2095 multo
2006 2050 2044 2097 m

565 2124 591 2193 li
611 2124 718 2208 primo
738 2119 818 2185 loco
847 2113 1169 2202 praedestinationem
1189 2116 1293 2183 collo·
1337 2142 1396 2185 nus
1409 2119 1529 2205 regulas
1545 2120 1585 2183 ab
1598 2114 1767 2184 Aristotele
1781 2116 1917 2202 praescri
1943 2114 2044 2197 tasse

565 2228 660 2285 cante
683 2202 861 2294 quodlicet
887 2224 956 2269 non
971 2204 1058 2269 malo
1072 2202 1189 2271 faciant
1212 2224 1292 2270 con·
1337 2205 1503 2281 ordinem,
1537 2226 1634 2290 quem
1647 2202 1712 2290 ipsa
1734 2140 2041 2271 rerumcoodderati

565 2292 654 2374 lilio,
696 2290 887 2359 reformatae
917 2308 1024 2355 tamen
1047 2286 1191 2357 ecclesiae
1231 2286 1292 2355 do·
1335 2289 1567 2379 suppeditabat,
1586 2295 1621 2357 in
1633 2288 1800 2377 loquendo
1815 2308 1914 2377 atque
1926 2290 2044 2361 scribet

563 2384 707 2453 dloribus
725 2374 925 2447 occasionem
940 2376 1102 2462 praebent,
1121 2376 1291 2445 hacceme-
1337 2378 1381 2447 do
1397 2378 1545 2467 sequutos
1562 2376 1631 2444 elle.
1681 2373 1734 2443 Ad
1742 2373 1939 2444 methodum
1948 2376 2044 2443 causli

566 2468 671 2539 rhodo
687 2465 729 2535 ad
744 2464 927 2532 absolutum
941 2464 1034 2529 suum
1054 2462 1216 2531 decretum
1237 2464 1293 2529 ab·
1337 2469 1402 2535 lem
1414 2463 1501 2552 quod
1515 2466 1641 2544 attinet,
1663 2485 1746 2551 quae
1759 2466 1794 2529 in
1808 2458 1940 2552 singulis
1952 2466 2044 2549 capit

566 2552 691 2625 utendi.
757 2553 847 2619 Hinc
869 2549 973 2617 rursus
997 2550 1053 2615 alii
1071 2548 1112 2617 ad
1128 2548 1229 2617 hocce
1243 2552 1292 2617 in·
1337 2556 1395 2620 bus
1408 2552 1568 2618 obseruari
1584 2550 1672 2633 solet,
1688 2571 1756 2618 non
1777 2552 1961 2617 minoribus
1981 2550 2044 2619 &il

567 2634 1292 2725 commodumeuitandum,poslquamomnia
1336 2641 1368 2706 la
1387 2638 1513 2704 laborat
1542 2632 1771 2704 incommodis.
1838 2640 2044 2725 Praeterquat

589 2751 649 2798 uae
663 2727 704 2795 ad
724 2726 907 2792 uniuersum
929 2722 1077 2791 ordinem
1097 2725 1204 2791 salutis
1223 2722 1292 2809 spe·
1336 2727 1435 2806 enim,
1450 2721 1539 2812 quod
1562 2747 1620 2811 per
1638 2747 1710 2791 eam
1731 2724 1833 2809 saepe,
1856 2746 1944 2811 quae
1962 2744 2045 2791 matu

600 2834 669 2898 ant,
683 2811 907 2899 exposuerunt,
929 2807 1108 2878 tandemde
1123 2806 1291 2898 praedesti·
1335 2809 1410 2881 fella
1426 2814 1460 2881 δι
1497 2811 1730 2898 erspicuasuet,
1744 2811 1973 2887 obscurenture
1994 2814 2045 2877 vrri

566 2906 702 2973 natione
734 2900 947 2987 praecipiunt,
991 2918 1030 2965 ex
1066 2897 1293 2985 exsequutione
1336 2922 1373 2967 us
1392 2902 1458 2967 eius
1482 2921 1596 2985 cmque
1610 2901 1654 2964 rei
1668 2901 1703 2963 in
1717 2895 1844 2983 lingulis
1863 2895 1931 2965 fere
1945 2900 2045 2984 ‚capio

565 2987 810 3068 concludentes,
825 2982 1006 3053 cuiusmodi
1023 2980 1060 3051 sit
1073 2982 1183 3050 diuina
1205 3002 1294 3069 prae·
1336 2989 1395 3053 bus
1406 3006 1567 3053 recurrens
1586 2988 1746 3071 repetitio,
1781 3004 1852 3049 non
1871 2980 1982 3069 potest
1996 3004 2045 3051 no

564 3077 746 3149 destinatio.
790 3072 887 3141 seete
906 3066 1087 3157 quidemst
1107 3092 1176 3138 rem
1192 3066 1293 3156 ipsam
1336 3075 1514 3139 maximum
1530 3069 1799 3139 crearetaedium.
1853 3072 1955 3157 Saepe
1972 3090 2045 3153 nam

565 3164 705 3249 speclese
727 3158 779 3226 sed
794 3180 909 3243 parum
922 3154 1108 3238 commode,
1129 3152 1292 3223 simetho·
1335 3178 1399 3244 que
1411 3155 1531 3241 aliquid
1545 3154 1715 3225 dicendum
1735 3152 1790 3235 ell,
1811 3178 1882 3222 non
1906 3154 1999 3243 quod
2016 3176 2045 3224 re

566 3250 600 3317 di
614 3248 791 3332 analyticae
807 3240 924 3307 habeas
938 3245 1107 3307 rationem.
1151 3239 1213 3309 Sed
1220 3242 1292 3307 sunt
1336 3244 1402 3331 ipsa
1417 3244 1479 3310 hoc
1496 3243 1644 3331 postulet,
1660 3241 1713 3310 sed
1732 3240 1820 3328 quod
1835 3240 1985 3310 methodi
2000 3242 2044 3309 ho

566 3336 678 3405 &alia
696 3330 798 3397 sacrae
821 3326 988 3395 dodlrinae
1007 3330 1125 3412 capita,
1150 3349 1290 3413 quorum
1335 3335 1496 3418 requirant
1509 3334 1602 3418 leges,
1623 3329 1686 3396 hoc
1708 3328 1763 3407 est,
1789 3325 1878 3415 quod
1899 3331 1997 3415 plane
2013 3328 2045 3398 su

565 3420 714 3488 traditio
731 3417 765 3484 in
788 3413 951 3503 theologia
971 3412 1152 3502 dogmatica
1173 3412 1216 3481 ell
1235 3434 1291 3482 ne·
1335 3440 1570 3506 peruacaneum
1587 3414 1634 3484 sit.
1677 3417 1749 3481 Nec
1761 3420 1873 3481 omnia
1890 3416 1996 3481 rursus
2007 3412 2045 3483 isl

565 3507 703 3588 cessaria,
740 3501 778 3572 de
829 3504 933 3584 uibus,
954 3499 1113 3569 ficantum
1131 3497 1290 3567 methodo
1335 3503 1505 3572 methodus
1527 3501 1687 3584 exhaurit,
1715 3523 1790 3568 cum
1809 3501 1945 3570 subinde
1965 3522 2045 3590 quae

563 3594 741 3682 analyticae
756 3526 890 3659 luithere
905 3590 1069 3670 vellemus,
1084 3585 1167 3654 nihil
1181 3584 1288 3655 dicen·
1335 3589 1411 3659 dam
1425 3593 1556 3658 maximi
1567 3592 1727 3657 momenti
1740 3586 1885 3655 addenda
1899 3585 2046 3677 sinequa·

564 3682 644 3750 dum
660 3681 743 3749 ellet.
785 3681 975 3744 Nectamen
989 3672 1289 3741 ideohancmetho·
1333 3683 1368 3746 in
1398 3676 1574 3745 caussarum
1598 3678 1838 3742 enumeratione
1864 3697 1935 3742 non
1956 3677 2046 3742 conti

563 3768 643 3837 dum
657 3771 750 3855 plane
764 3766 935 3849 improb03
957 3760 1008 3826 secl
1024 3778 1149 3826 tantum
1163 3764 1288 3827 incom·
1332 3784 1459 3831 nentur.
1503 3761 1647 3841 Accedit,
1669 3758 1758 3847 quod
1774 3782 1847 3827 cum
1869 3784 1927 3848 per
1941 3763 2046 3831 hante·

561 3854 669 3925 modis
683 3852 876 3941 quibusdam
900 3844 1045 3913 eumdem
1071 3850 1184 3933 premi,
1209 3866 1287 3912 con-
1333 3846 1523 3917 methodum
1538 3848 1663 3916 occasio
1681 3846 1780 3928 detur,
1796 3852 1931 3921 vocibus
1947 3869 2045 3918 exme

564 3941 675 4011 tendo.
721 3938 878 4004 Praeclare
892 3937 998 4014 nimis,
1016 3937 1050 3999 ni
1068 3934 1171 4013 fallor,
1186 3930 1225 3998 de
1233 3934 1287 3997 illa
1333 3932 1573 4024 taphysicorum
1592 3933 1707 4001 scholis
1720 3937 1839 4022 petitis,
1861 3932 2046 4022 theologiam

561 4028 654 4099 sensit
670 4026 837 4112 theologus
851 4040 955 4089 cetera
969 4021 1111 4086 summus
1125 4041 1170 4086 ro.
1188 4040 1290 4085 court.
1333 4020 1503 4100 obruendi,
1517 4025 1551 4089 bc
1571 4020 1645 4089 isiae
1662 4044 1730 4087 non
1742 4038 1806 4086 vna
1826 4021 1954 4109 semper
1969 4026 2009 4089 ab
2025 4044 2046 4089 o

563 4142 585 4185 1>
601 4136 769 4185 tunrvr
780 4132 860 4191 tus,
876 4105 955 4176 dum
970 4109 1036 4175 eius
1048 4104 1291 4203 vesligiaomni·
1333 4110 1460 4175 mnibus
1476 4112 1602 4176 ratione
1617 4112 1835 4195 accipientum·
1858 4108 2046 4194 logomachi

561 4227 605 4269 no
623 4206 656 4269 in
676 4201 826 4285 scriptura
848 4197 931 4261 sacra
957 4190 1111 4260 inuenisse
1131 4192 1187 4258 nbi
1208 4190 1290 4257 visus
1332 4201 1370 4277 is,
1386 4198 1711 4281 contentionibusque
1730 4198 1764 4263 δι
1781 4196 2046 4281 enuntiabunt

563 4288 616 4354 cst.
660 4295 772 4370 Atque,
788 4285 905 4367 inquit,
917 4296 956 4345 vt
977 4282 1071 4349 spatio
1085 4286 1154 4347 ”ro
1174 4276 1292 4365 Aristo·
1333 4280 1556 4350 controuersiis
1573 4285 1776 4368 complentur
1791 4286 1914 4363 omnia,
1930 4279 2046 4351 iisdem

558 4373 613 4437 tali
629 4394 644 4435 e
658 4372 739 4434 catio
752 4370 921 4454 conceffitm,
941 4366 1001 4449 (oti
1016 4363 1164 4429 ilstntesio
1177 4386 1231 4429 art
1241 4380 1288 4448 ty·
1334 4391 1395 4454 que
1414 4369 1599 4455 theologiae
1614 4364 1749 4455 dignitas
1757 4373 1906 4434 omnium
1921 4368 2047 4437 ludibti·

555 4456 760 4546 pographicn)
768 4456 972 4541 ffllogismum
992 4450 1148 4537 theologus
1162 4447 1288 4550 adhibet
1331 4459 1513 4541 exponitur,
1535 4452 1691 4541 finiulque
1704 4457 1847 4523 turbatur
1860 4458 1950 4543 quies
1963 4458 2047 4527 eccle

549 4542 899 4631 sitisdijputationibtts,
923 4540 970 4603 ita
983 4537 1287 4625 necalteritttgenm·
1332 4540 1402 4610 fiae,

556 4633 593 4703 ni
604 4630 690 4721 doni,
705 4624 841 4698 methodi
844 4626 962 4713 ⁸scilicet
977 4623 1197 4717 Arplotelicte,
1218 4642 1288 4691 eoin
1419 4625 1512 4703 Haec
1540 4628 1650 4720 itaque
1677 4622 1888 4701 incommoda
1910 4650 1992 4699 cum
2013 4630 2047 4699 ιι

1943 4720 2047 4813 rest·
