5259 5967
835 704 1243 799 uerutoioota
1265 708 1490 783 motata.
1853 711 1918 793 5⁶5

397 807 1509 832 ffl.--....ae—--..
1538 816 1861 832 ..amm-..m
1909 832 1912 837 ,

394 860 519 917 enoa
539 862 664 927 quaeue
671 862 712 909 eo
723 858 909 926 comparata
924 839 1009 921 sunt,
1023 858 1060 907 vt
1072 863 1129 907 au·
1174 842 1362 924 tenedum,
1385 864 1483 931 quam
1502 842 1542 914 ad
1556 848 1798 915 veritatem'aut
1809 854 1914 923 ὸψβις

393 925 1128 1016 dientetprimafronteinadrnirationemcon·
1173 928 1440 1016 proponendam,
1458 950 1515 998 aut
1535 935 1594 1002 rite
1613 930 1909 1019 demonstrandam,
1989 996 1993 1003 .

392 1021 514 1086 iiciant.
567 1017 692 1101 Religio
714 1032 822 1080 autem
844 1012 1015 1081 christiana
1032 1015 1130 1102 longe
1171 1016 1308 1085 istorum
1326 1014 1501 1085 hominum
1514 1017 1620 1086 sermo
1634 1020 1910 1106 comparatutesse

394 1106 488 1191 plura
508 1103 758 1187 sublimioraque
784 1100 987 1186 suppeditat,
1014 1119 1129 1187 vrpote
1170 1103 1261 1170 solet.
1305 1104 1395 1171 Hine
1407 1107 1442 1172 &
1454 1122 1489 1170 vt
1500 1106 1535 1171 in
1548 1109 1598 1188 iis,
1613 1128 1728 1192 quaea
1744 1127 1796 1173 ιο.
1813 1128 1908 1174 aaa·

393 1214 476 1346 quae
491 1212 527 1257 ea
541 1188 655 1268 tradit,
677 1210 759 1273 quae
772 1191 908 1253 rationis
923 1191 991 1254 vim
1010 1188 1128 1275 longis·
1172 1192 1418 1258 torticios.
1432 1213 1457 1256 t.
1468 1210 1502 1276 p.
1509 1205 1563 1275 48.
1578 1196 1608 1259 ei
1627 1195 1842 1275 obiiciuntur,
1858 1192 1906 1259 di·

418 1301 469 1348 me
482 1278 643 1363 superant.
685 1275 776 1341 Hinc
791 1277 825 1342 δε
838 1296 982 1340 trouve
999 1295 1077 1342 uua
1087 1296 1127 1341 u·
1170 1275 1307 1356 luendis,
1321 1278 1460 1344 multum
1468 1300 1628 1364 ponamus
1637 1300 1765 1364 operae,
1782 1279 1908 1367 necesse¹

393 1389 416 1433 o
426 1385 576 1433 oureus
581 1366 696 1449 septem
704 1362 871 1446 paradoxa
879 1360 1045 1446 christiana
1054 1363 1140 1440 scri·¹
1170 1380 1240 1429 non
1255 1360 1309 1429 est.
1356 1365 1468 1429 Vsutas
1483 1386 1598 1433 omnes
1611 1362 1902 1451 quodceuiliieitas

392 1450 478 1540 psit,
503 1448 544 1517 ad
561 1453 779 1517 imitationem
798 1468 998 1515 cicraout
1009 1468 1043 1512 s:
1075 1445 1127 1513 sed
1170 1446 1312 1529 damnet,
1329 1471 1402 1517 cum
1415 1453 1523 1516 multis
1538 1452 1607 1517 aliis
1620 1454 1648 1520 ei
1666 1473 1842 1519 commune
1857 1448 1902 1520 est

391 1542 490 1625 longe
504 1539 621 1623 plura,
645 1534 780 1602 ducenta
798 1534 914 1602 scilicet
927 1538 962 1603 &
976 1532 1127 1622 odiogitt·
1169 1538 1321 1622 patribus,
1336 1555 1371 1602 vr
1387 1538 1478 1621 supra
1494 1540 1559 1603 iam
1573 1537 1823 1606 obseruauimus.
1868 1540 1903 1605 Si

393 1622 1125 1708 taexsactissirreriscollegitstimeamve,
1169 1622 1311 1689 in'fadio
1333 1623 1510 1691 Abrahami
1533 1625 1566 1692 ὃς
1582 1628 1695 1706 Sarae,
1716 1624 1805 1712 quod
1826 1630 1900 1690 Gen.

393 1711 554 1798 ediditque
569 1732 657 1775 anno
674 1728 767 1789 1559.
779 1713 826 1773 vti
840 1732 858 1773 a
873 1731 924 1776 me
940 1711 1005 1772 iam
1019 1706 1124 1773 obser·
1167 1715 1235 1775 XX.
1243 1732 1263 1774 t.
1267 1710 1352 1793 seqq.
1366 1708 1560 1792 describitur,
1574 1709 1754 1794 laudando,
1768 1714 1899 1795 ingenio

392 1818 505 1865 uatum
518 1798 675 1884 differtis.
684 1796 855 1861 deerrarib.
868 1796 995 1860 Stoicar.
1011 1796 1043 1859 in
1051 1792 1125 1878 phi·
1166 1795 1224 1862 suo
1247 1816 1576 1865 cuarsotromvs
1599 1800 1738 1863 nimium
1759 1793 1898 1875 indust,

391 1886 523 1970 stfitpbia
537 1906 613 1949 mor.
628 1888 662 1956 §-
674 1886 730 1965 Ν.
739 1884 776 1947 in
790 1878 1045 1966 anatetttsttssor.
1051 1878 1122 1965 phi·
1167 1881 1265 1962 idem,
1278 1901 1314 1946 vt
1327 1884 1437 1968 inepta
1453 1881 1609 1969 quaedam
1624 1906 1662 1951 ac
1675 1882 1808 1951 ridicula
1822 1881 1899 1951 inde

390 1972 500 2058 sosopb.
510 1992 543 2058 p.
560 1992 617 2053 ijo.
662 1969 731 2034 Nec
745 1964 1020 2035 contemnendum
1054 1987 1124 2032 ror·
1166 1970 1301 2046 eliceret,
1315 1967 1833 2056 feeitoutu.uauotvs,quem
1844 1969 1898 2037 hic

388 2060 439 2127 sus
454 2061 519 2127 hoc
534 2056 729 2134 institutum,
745 2049 851 2139 saquis
866 2070 959 2120 caute
970 2074 1007 2119 ac
1031 2054 1122 2119 obrie
1165 2072 1379 2122 oaaourua
1390 2076 1478 2120 eivs
1498 2056 1647 2142 sequitur.
1698 2060 1787 2124 Licet
1809 2059 1897 2123 enim

388 2149 478 2214 ineo
494 2146 643 2211 versetur.
711 2142 910 2227 Cumprimis
929 2137 1120 2218 cauendum,
1162 2163 1232 2208 noti
1248 2143 1359 2206 omnia
1399 2142 1506 2208 robari
1519 2160 1661 2228 queanta
1682 2141 1840 2230 quaedam
1850 2160 1898 2208 ta·

388 2255 432 2300 ne
448 2240 581 2303 παράδοξον
600 2224 692 2294 simul
711 2223 748 2293 sit
767 2242 919 2299 παράλογον.
938 2223 1120 2292 cuiusmodi
1164 2250 1260 2309 men,
1279 2246 1361 2313 quae
1374 2163 1435 2295 fiac
1453 2225 1492 2294 de
1514 2250 1547 2295 re
1567 2250 1895 2296 cuuisosromvs

386 2316 470 2386 istud
479 2315 533 2395 est,
544 2311 631 2399 quod
639 2312 751 2379 itidem
758 2333 795 2379 ex
808 2334 828 2378 c
839 2332 940 2380 utere
951 2332 1119 2378 osroito
1163 2313 1253 2394 dixit,
1267 2313 1406 2380 excusari
1421 2315 1520 2400 posse,
1534 2332 1621 2401 paret
1630 2338 1667 2380 ex
1675 2319 1725 2395 iis,
1734 2336 1815 2401 quae
1832 2336 1895 2380 ite·

387 2407 475 2473 hunc
489 2406 522 2467 in
538 2398 1118 2467 modumtutrtc.sixtv58enen·
1163 2399 1765 2486 mro.ctritieutvsdisserir,cap.
1779 2406 1850 2467 XII.
1861 2419 1896 2485 p.

387 2489 423 2558 fis
437 2488 549 2557 refert:
573 2488 664 2575 Quod
686 2485 796 2573 Chrissi
811 2488 1008 2551 diuinitatem
1026 2487 1119 2548 etiam
1154 2509 1215 2573 315.
1223 2489 1307 2571 seqq.

387 2580 503 2661 altique
515 2575 590 2639 ollis
603 2574 783 2645 diuinarum
797 2573 971 2637 litterarum
989 2572 1118 2659 tessimo-
1248 2569 1301 2637 Ad
1316 2572 1434 2638 latinos
1455 2572 1570 2638 saeculi
1591 2572 1686 2639 huius
1709 2572 1814 2659 quarti
1836 2568 1894 2638 do·

387 2666 450 2729 niis
463 2658 616 2745 clariffltne
629 2665 666 2733 θ’
681 2657 840 2743 fortiffime
860 2660 1002 2740 atlttersus
1016 2676 1118 2721 omnes
1161 2659 1263 2727 diores
1272 2660 1513 2740 reuertentibus,
1531 2679 1586 2723 ait
1597 2676 1764 2725 otosivs
1778 2657 1894 2724 seseof·

379 2767 487 2838 gentes
498 2747 703 2832 demonstrare
712 2744 861 2831 pofflmut.
885 2744 1017 2809 illorum
1027 2765 1117 2808 nam·
1160 2738 1231 2825 fert,
1244 2747 1300 2831 qui
1315 2742 1402 2811 haud
1415 2748 1565 2811 ultimum
1579 2749 1662 2811 inter
1677 2768 1743 2826 eos,
1758 2747 1813 2832 qui
1821 2766 1894 2810 mo·

385 2860 448 2924 que
463 2858 503 2904 eo
526 2831 696 2920 adprobari
718 2831 872 2899 sententia
889 2828 1031 2909 videtur,
1048 2832 1115 2914 qui,
1160 2833 1237 2897 ralia
1252 2828 1440 2911 tradiarunt,
1454 2829 1510 2896 sibi
1523 2830 1662 2899 vindicat
1677 2834 1797 2899 locum.
1827 2832 1893 2897 Pri·

386 2936 464 2995 mo
475 2927 613 2981 tostino
626 2939 700 2983 cum
712 2920 855 2991 suasorio?
867 2915 1116 2996 confundentes,
1160 2938 1232 2983 mus
1248 2919 1363 2997 etiam,
1377 2919 1480 2982 immo
1492 2919 1604 2982 vnieus
1618 2917 1681 2983 sere
1698 2912 1759 2998 est,
1772 2920 1829 3004 qui
1842 2920 1893 2983 in·

386 3003 474 3092 quod
488 3005 570 3070 ratio
583 3004 661 3091 ipsa,
676 3003 789 3082 multa,
805 3024 886 3089 quae
894 3002 1117 3087 resia&prae·
1160 3002 1280 3090 signem
1300 3000 1395 3069 huius
1416 2999 1583 3068 doetrinae
1606 3022 1730 3089 partem
1746 3005 1835 3069 velut
1854 3005 1892 3069 in

384 3094 469 3157 eiara
485 3091 575 3171 sunt,
597 3089 743 3157 ethnicos
757 3084 930 3165 docuisset,
947 3088 1020 3155 inde
1036 3108 1116 3154 con·
1159 3085 1356 3175 compendio
1371 3088 1555 3174 complexus
1571 3087 1625 3171 est,
1638 3092 1672 3155 in
1685 3090 1786 3154 tribus
1800 3090 1893 3172 deof-

384 3179 575 3257 tlrrdebant,
598 3172 760 3245 Christum
772 3196 904 3261 quoque
922 3176 985 3242 illis
999 3192 1116 3240 notum
1152 3178 1237 3264 ficiis
1256 3176 1369 3254 libris,
1390 3172 1558 3260 dequibus
1579 3194 1687 3243 tamen
1701 3173 1741 3241 ad
1755 3184 1785 3259 §.
1800 3178 1838 3240 Χ.
1852 3195 1891 3242 ex

382 3264 488 3345 fuisse,
509 3286 571 3350 qua
586 3268 622 3331 in
639 3264 793 3331 sententia
808 3282 1014 3328 rvsaruvit
1029 3280 1113 3327 mar·
1159 3261 1308 3330 instituto
1321 3258 1435 3342 dicere,
1454 3263 1581 3327 animus
1597 3261 1650 3330 est.
1694 3264 1890 3330 Nectamen

382 3347 803 3438 tyretnversatum,constat.
846 3349 1113 3434 Reliquaciiur-
1160 3350 1194 3417 dt
1209 3352 1246 3415 in
1259 3348 1387 3432 reliquis
1409 3368 1612 3433 amouaosrt
1627 3349 1748 3437 seriptis
1764 3347 1889 3429 desunt,

381 3459 564 3507 sosroori
579 3443 704 3509 παράδοξα
724 3454 761 3500 ex
784 3430 899 3500 eodem
919 3434 1049 3501 audiere
1070 3454 1113 3499 re·
1158 3456 1240 3521 quae
1256 3433 1372 3499 morali
1390 3432 1554 3500 doetrinae
1576 3436 1682 3503 iucem
1702 3433 1889 3502 adfundant.

383 3529 459 3592 citat
474 3542 597 3591 irrue.
610 3540 749 3586 ivtivs
769 3540 1045 3598 scutvrorvs,
1059 3517 1115 3604 qui
1157 3522 1233 3588 Huc
1256 3540 1395 3604 namque
1413 3522 1479 3585 eius
1504 3518 1544 3585 de
1564 3521 1714 3606 dignitate
1731 3521 1889 3588 humanae

385 3615 419 3680 dt
434 3607 590 3697 quaedam
608 3607 691 3674 lesio
706 3603 801 3691 digna
815 3603 915 3686 addit,
930 3606 1114 3691 inbibliogr.
1156 3608 1339 3673 conditionis
1348 3604 1710 3696 libellusspediat3quod
1719 3629 1888 3696 argumen-

383 3700 491 3763 moral.
512 3706 542 3779 §.
567 3696 728 3761 CCLXIII.
745 3711 778 3776 p.
791 3714 854 3776 145·
905 3692 949 3757 Vt
962 3690 1115 3777 opuscula
1157 3693 1506 3761 tumexreccntioribus
1522 3714 1670 3762 onorio.
1683 3714 1887 3779 Qvtccrvt

382 3803 439 3852 aut
459 3787 643 3860 orationes,
667 3783 702 3845 in
723 3779 837 3865 quibus
857 3798 1113 3849 euersosro-
1180 3779 1887 3868 eruasiauit,inanatomiapbiloiogicadeno·

381 3892 463 3941 »avt
483 3891 520 3934 ex
534 3866 681 3933 instituto
702 3867 837 3933 moralia
852 3868 984 3948 trasiae,
1006 3886 1113 3933 tecen-
1155 3804 1276 3933 {ditate
1297 3867 1337 3936 θ’
1358 3864 1550 3952 ρναςίὶαητία
1566 3866 1728 3946 hominis,⁸
1757 3887 1816 3933 nee
1835 3869 1887 3932 in·

382 3959 517 4033 scamus,
526 3953 793 4039 superuacaneum
803 3952 902 4029 forett
921 3954 1112 4019 cumomni·
1156 3953 1187 4020 di
1210 3975 1252 4019 rra
1266 3951 1401 4019 homine
1415 3950 1456 4018 est
1470 3950 1658 4039 meditatio,
1681 3950 1784 4020 modo
1799 3952 1885 4021 rede

381 4046 440 4111 bus
455 4063 552 4128 opera
561 4042 628 4107 eius
638 4040 861 4107 euoluentibus
869 4038 978 4109 statim*
988 4038 1018 4106 se
1034 4038 1111 4105 offe·
1155 4042 1166 4107 i
1220 4046 1347 4117 'tuatur,
1362 4057 1396 4105 vt
1408 4041 1444 4105 in
1458 4059 1584 4108 tantum
1593 4039 1746 4109 diuersam
1757 4041 1884 4108 abrutis

379 4149 463 4201 tant.
518 4128 626 4193 Multa
643 4130 727 4192 iniis
743 4127 874 4196 rede&
891 4126 1048 4214 praeclare
1064 4124 1111 4192 di·
1154 4128 1371 4195 animantibus
1388 4129 1471 4195 inire
1489 4131 1649 4196 rationem
1673 4124 1819 4208 discant,
1844 4129 1884 4192 in

381 4217 443 4299 ua,
462 4237 561 4282 nemo
575 4232 691 4281 temere
705 4208 906 4290 diffitebitutt
928 4213 1051 4299 semper
1066 4229 1112 4278 ta·
1154 4234 1314 4303 quantum
1330 4229 1462 4282 naturae
1481 4235 1518 4282 ea
1530 4219 1666 4282 vincunt
1706 4211 1885 4282 raestantia.

379 4324 456 4370 meo
470 4301 648 4369 meminiise
661 4320 801 4385 oportet,
812 4323 887 4368 eom
895 4321 1059 4367 oratorem
1067 4299 1110 4368 es·
1152 4304 1203 4370 De
1219 4302 1314 4368 caino
1331 4322 1431 4387 porro
1447 4303 1482 4369 dt
1496 4236 1816 4389 Abtsescripd'tsibros
1827 4302 1884 4366 dte·

380 4389 424 4470 se,
438 4388 580 4476 adeoque
595 4410 654 4454 nec
668 4390 703 4453 in
717 4390 839 4469 verbis,
858 4411 918 4461 nec
936 4388 1109 4469 sententiis,
1151 4410 1197 4471 ot,
1208 4388 1370 4453 malorum
1382 4390 1609 4475 bonorumque
1621 4391 1656 4457 dt
1669 4409 1776 4456 mores
1790 4389 1825 4456 δι
1837 4386 1883 4453 fa-

380 4477 499 4563 vbique
513 4475 669 4543 exactum.
713 4476 865 4559 Namque
878 4470 918 4543 ad
926 4470 1109 4542 demulcen-
1152 4472 1418 4562 tadepingentest
1438 4471 1740 4545 dettoactoatarca
1752 4476 1881 4555 librum,

379 4561 435 4631 das
448 4586 548 4639 aures,
562 4559 602 4628 ad
612 4558 1110 4629 concitandosinadfediomatii·
1174 4566 1207 4629 ui
1224 4568 1258 4628 in
1273 4557 1428 4629 iustiffimi
1436 4566 1496 4630 viri
1505 4565 1699 4651 exemplum,
1707 4559 1883 4629 Noachum

379 4672 464 4733 mos,
479 4653 598 4738 magis,
614 4670 712 4737 quam
727 4645 767 4715 ad
785 4648 1048 4721 conuincendum
1060 4652 1108 4722 in·
1150 4586 1235 4721 istu.
1276 4648 1371 4804 Boqu)
1382 4653 1507 4802 qatione
1522 4648 1556 4721 ἀ
1570 4647 1609 4721 de
1629 4648 1811 4750 Abrabam
1819 4670 1883 4801 pa-

415 4808 418 4813 ,
1428 4754 1446 4821 3
1723 4752 1816 4805 orate
1840 4754 1883 4808 at
