5259 5967
658 718 724 789 DE
746 710 1192 791 tvnls'iuvosttrin
1221 716 1650 792 EGCLlESthTICh.¹
1847 722 1912 805 653

404 816 1599 847 *unum—ww...
1623 822 1903 842 ...ἡ-.-

486 851 526 893 **
541 849 614 932 ,Qui
638 851 923 937 iurisprudentiam
954 852 1135 921 eeclesiasti-
1179 847 1312 936 hastico,
1327 854 1547 922 ministrorum
1556 857 1643 922 verbi
1653 852 1766 934 diuini,
1780 877 1910 923 eorum.

397 954 470 1001 catti
484 958 546 1022 pto
560 957 650 1022 parte
664 938 804 1023 quadam
825 940 1006 1026 theologiae
1021 938 1133 1007 vendi·
1177 964 1250 1028 que,
1258 946 1314 1029 qui
1327 942 1512 1009 docentium
1521 964 1653 1009 munere
1662 946 1694 1006 in
1702 940 1828 1008 ecclesia
1836 941 1906 1007 fun.

398 1039 489 1099 tant,
511 1046 605 1108 aqua
617 1024 768 1091 sententia
783 1048 852 1091 non
866 1028 989 1091 alienus
1005 1025 1133 1094 videtur
1175 1049 1311 1114 guntur,
1328 1030 1429 1095 caussa
1446 1030 1494 1094 vel
1510 1034 1648 1094 maxime
1662 1050 1789 1113 agatur,
1812 1046 1863 1091 tur
1888 1051 1906 1095 e

397 1130 560 1175 ciiitisr.
578 1132 739 1177 Martii.
754 1111 1052 1191 erutrivs,dum
1060 1136 1131 1181 eam
1174 1120 1291 1200 pariter
1303 1139 1339 1181 ac
1353 1122 1488 1181 noxium
1503 1115 1593 1181 valde
1607 1117 1668 1182 illis
1686 1114 1786 1194 tinet,
1803 1111 1824 1179 si
1840 1051 1906 1195 ula,

395 1194 438 1260 ad
443 1199 607 1276 scientiam
609 1200 796 1279 saniliarem
806 1198 900 1265 refert
905 1243 918 1279 ,
934 1196 973 1265 de
988 1202 1129 1287 originis).
1173 1224 1254 1287 quae
1268 1220 1334 1267 tam
1346 1224 1447 1287 prope
1462 1224 1516 1268 eos
1526 1205 1697 1287 attingunt,
1711 1204 1907 1287 ignorarent.

395 1284 476 1347 iuris
493 1283 672 1369 eccltssastici
689 1304 757 1436 cap.
770 1289 796 1351 1.
812 1288 901 1351 artic.
914 1291 940 1352 1.
960 1307 991 1370 p.
1004 1309 1037 1369 5.
1059 1310 1129 1352 nori
1172 1287 1447 1373 Necnegandum,
1462 1289 1563 1353 multa
1577 1292 1612 1353 iri
1626 1292 1694 1353 iure
1701 1290 1861 1352 canonico
1871 1287 1906 1355 dt

394 1369 526 1454 possunt
538 1391 607 1435 non
623 1391 715 1437 eamt
741 1373 1127 1460 eologispraecipuaqua·
1172 1372 1378 1441 eeclehallieo
1392 1396 1577 1455 occurrere,
1601 1394 1683 1459 quae
1695 1371 1760 1439 sine
1772 1368 1906 1441 adcura-

395 1453 472 1521 dam
484 1459 609 1522 ratione
622 1456 795 1525 vindicare.
841 1458 972 1539 Verum,
989 1482 1065 1525 cum
1082 1464 1127 1526 le·
1172 1465 1248 1526 tiori
1261 1463 1434 1545 scripturae
1448 1463 1729 1546 interpretatione,
1745 1480 1781 1523 ac
1796 1460 1905 1543 exqui-

394 1562 447 1627 ges
461 1540 688 1623 ecclesiasticae,
704 1543 862 1612 humanae
876 1545 949 1627 sirit,
966 1549 1001 1614 δι
1016 1549 1126 1613 aciui-
1170 1544 1225 1612 sita
1244 1551 1443 1633 antiquitatis
1463 1550 1604 1628 notitia,
1632 1541 1799 1612 diiudicari
1818 1544 1904 1611 redte

392 1630 478 1693 libus
498 1648 624 1725 tantum
644 1635 765 1697 intuitu
788 1634 930 1711 obiecti,
959 1656 1028 1699 noo
1048 1656 1125 1699 veto
1168 1652 1343 1719 nequeunt.
1388 1628 1905 1717 llaeeauremvtabiis,quithe·

394 1714 517 1780 caussae
536 1714 719 1797 efficientis,
742 1720 795 1785 seu
814 1721 1020 1803 legislatoris,
1036 1718 1125 1786 diffe·
1168 1724 1297 1807 ologiae
1312 1718 1458 1786 studiose
1473 1720 1715 1797 consecrarunt,
1736 1721 1904 1802 praecipue

394 1820 484 1876 tants
505 1800 720 1870 humanatum
733 1824 840 1871 autem
854 1810 961 1891 legum
970 1810 1125 1893 interpte-
1168 1808 1399 1891 exspectantur,
1418 1810 1519 1891 iisque
1533 1804 1614 1873 adeo
1629 1803 1670 1871 ad
1685 1802 1903 1889 iurisptuden·

393 1890 475 1953 tatio
490 1890 720 1955 iureconsultis
734 1895 926 1967 conueniat
948 1892 1057 1958 nullus
1065 1891 1124 1957 diu
1166 1896 1246 1959 tiam
1266 1891 1502 1959 ecclesiasticam
1522 1915 1562 1960 eo
1585 1892 1700 1959 sestius
1724 1892 1904 1977 intelligen-

391 1975 474 2054 bito,
489 1979 567 2060 quin
582 1979 617 2043 ὅ(
631 1975 682 2041 hic
697 1980 841 2061 potiores
851 1974 912 2043 sint
924 1998 1038 2045 eorum
1053 1999 1124 2063 par·
1167 1977 1336 2045 damviam
1345 1982 1515 2052 muniunt,
1527 1982 1570 2043 ita
1581 1980 1684 2043 rursus
1697 1980 1901 2043 exiurecon-

390 2077 451 2127 tes.
484 2066 554 2128 Nec
564 2082 671 2127 tamen
679 2061 755 2129 inde
763 2062 916 2149 sequitur,
932 2065 1123 2151 theologum
1166 2066 1324 2131 sultorum
1336 2063 1449 2130 ordine
1464 2085 1519 2130 eos
1531 2062 1680 2141 demum,
1703 2066 1760 2148 qui
1775 2060 1904 2128 theolo-

389 2144 432 2214 de
445 2149 562 2233 legibus
581 2146 790 2217 ecclesiasticis
802 2194 813 2230 ,
834 2172 1007 2237 earumque
1025 2155 1124 2219 inter·
1190 2156 1259 2233 iae,
1287 2148 1500 2235 historiaeque
1533 2146 1754 2215 ecclesiasticae
1784 2150 1901 2213 notitia

388 2239 572 2320 pretatione
584 2256 622 2301 ac
634 2235 734 2315 sensu,
747 2238 843 2323 plane
856 2260 926 2303 riori
939 2238 1051 2304 debere
1065 2237 1125 2305 esse
1166 2174 1255 2307 haud
1275 2237 1489 2322 perfunctorie
1510 2238 1625 2301 imbuti
1647 2235 1743 2315 suot,
1770 2233 1827 2299 suo
1847 2230 1900 2299 hie

386 2321 574 2387 sollicitum.
619 2324 737 2404 lmmo,
754 2326 873 2389 cumin
884 2327 952 2390 iure
958 2323 1020 2391 isto
1027 2325 1122 2391 ecele-
1167 2326 1252 2393 redte
1265 2323 1439 2391 satisfacere
1453 2325 1591 2401 muneri,
1605 2326 1769 2388 euincunt.

500 2454 529 2525 §-
556 2440 600 2515 ll.
626 2438 683 2516 Vt
696 2440 767 2517 rite
780 2442 822 2517 in
837 2466 878 2519 ea
891 2442 1140 2547 proficiamus,
1152 2462 1233 2517 tum
1247 2461 1323 2527 eos,
1340 2440 1404 2543 qui
1421 2440 1592 2515 notitiam
1606 2438 1828 2541 scriptorum
1845 2436 1901 2513 iu-

388 2534 438 2611 ris
454 2536 680 2613 ecclefiastiei
692 2536 940 2644 suppeditant,
952 2561 1034 2617 tuin
1051 2542 1089 2619 dc
1105 2566 1182 2629 eos,
1200 2542 1265 2643 qui
1279 2540 1474 2641 originem,
1517 2560 1559 2613 ro
1605 2534 1900 2626 effumfataeius

389 2630 610 2711 describunt.
628 2636 821 2714 consulere
836 2636 984 2716 iuuabit.
1032 2634 1218 2743 lpsaenim
1235 2638 1323 2715 iuris
1333 2637 1476 2713 ecclesia
1510 2564 1899 2735 'cildlloriainfignem

387 2730 440 2807 illi
454 2732 576 2809 lucem
590 2734 777 2821 adfundit;
802 2740 972 2839 adeoque
993 2739 1210 2838 neutiquam
1223 2734 1276 2811 est
1291 2734 1547 2838 negligenda*

500 2855 526 2899 ³*
547 2857 599 2926 Ad
619 2858 751 2928 subfidia
772 2862 808 2931 dt
822 2861 1018 2931 adminicula
1031 2868 1123 2931 iuris·
1166 2868 1222 2949 qui
1236 2866 1388 2930 notitiam
1402 2864 1593 2949 scriptorum
1612 2865 1688 2930 iuris
1704 2858 1899 2929 ecelehastici

387 2942 576 3033 prudentiae
585 2945 820 3031 ecclesiasticae,
837 2954 1121 3105 praeteriurispru·
1163 2948 1386 3036 suppeditant,
1402 2968 1473 3017 tum
1486 2952 1521 3017 dc
1533 2972 1607 3031 eos,
1621 2953 1676 3034 qui
1692 2946 1835 3013 eiusdem
1849 2952 1898 3013 iu·

387 3031 532 3100 dentiam
546 3037 721 3101 namtalem
735 3052 831 3122 atque
844 3038 992 3121 ciuilem,
1004 3042 1038 3125 ip
1052 3058 1117 3103 am·
1163 3040 1207 3103 ris
1220 3034 1385 3101 historiam
1406 3036 1579 3115 exhibent,
1605 3037 1713 3121 paucis
1736 3034 1897 3100 recensea-

387 3141 450 3207 que
464 3118 672 3208 theologiam,
687 3128 875 3210 cumprimis
885 3122 1014 3191 historia
1028 3124 1121 3192 refer·
1163 3144 1247 3189 mus.
1292 3124 1352 3188 Via
1361 3120 1514 3190 euimhae
1527 3126 1651 3188 tatione
1660 3121 1811 3187 omnibus
1821 3140 1895 3205 ape·

385 3210 413 3273 ri
435 3208 513 3273 solet
532 3206 746 3275 ecclesiastica.
804 3214 876 3277 Nec
891 3207 955 3279 sine
976 3215 1119 3287 rationes
1162 3212 1272 3288 rietur,
1285 3212 1402 3294 quibus
1415 3212 1451 3275 iti
1464 3206 1585 3275 hancce
1597 3196 1896 3275 eruditionisseda·

385 3316 460 3361 cum
473 3312 509 3360 ea
521 3299 635 3361 veteris
650 3292 794 3362 ecclesiae
806 3295 1022 3382 disciplinam,
1035 3301 1119 3363 vati·
1161 3317 1195 3364 re
1207 3314 1330 3383 partem
1346 3294 1391 3366 est
1404 3299 1543 3362 animus.

385 3400 545 3466 otumque
577 3378 797 3448 institutorum
840 3380 1119 3451 ecclesiasticorum
1248 3379 1301 3448 Ad
1315 3386 1458 3467 priorem
1469 3387 1577 3469 itaque
1588 3383 1712 3450 tlall'em
1721 3380 1767 3446 illi
1776 3399 1893 3446 omnes

383 3470 560 3555 originem,
576 3468 791 3554 progressum,
805 3466 887 3549 fata,
901 3488 1066 3537 canonum
1082 3472 1117 3535 in
1160 3466 1333 3547 referendi,
1346 3472 1401 3555 qui
1409 3514 1421 3550 ,
1437 3467 1514 3535 dum
1530 3472 1704 3554 generatim
1717 3467 1893 3552 scriptores,

383 3556 531 3622 conciliis
545 3552 752 3620 conditorum
760 3554 1116 3643 mullasiatioiiesque,
1158 3552 1895 3640 iurisprudentiaeinl'eriiientes,commemora·

382 3640 559 3727 similiaque
577 3638 707 3720 tradat,
729 3662 810 3727 quae
826 3639 850 3707 si
870 3644 946 3709 iuris
966 3646 1115 3709 canonici
1158 3661 1250 3720 runt,
1264 3662 1520 3727 eorumquoque
1534 3643 1591 3725 qui
1604 3641 1768 3725 speciatim
1784 3638 1824 3705 ad
1842 3642 1894 3703 iu·

381 3732 536 3814 interpres
550 3733 687 3815 ignorat,
703 3730 739 3794 in
753 3730 1049 3796 meriseumversari
1059 3750 1114 3795 ne·
1157 3726 1404 3812 risprudetitiam
1419 3723 1657 3793 ecclesiasticam
1669 3725 1800 3804 faciunt,
1815 3728 1891 3788 rati⁴

382 3814 461 3884 celle
475 3813 519 3881 ell
539 3819 686 3882 tenebris.
743 3813 843 3901 ldque
863 3817 1039 3884 luculenter
1058 3814 1112 3881 de·
1158 3836 1257 3881 onem
1272 3810 1387 3881 habere
1400 3814 1520 3893 solent,
1544 3829 1595 3878 vt:
1620 3834 1704 3877 uic.
1729 3830 1891 3877 cnitisr·

380 3899 573 3969 monstrauit
592 3922 689 3969 ivst.
716 3923 965 3971 nauuinovs
988 3922 1114 3971 aurii·
1157 3899 1674 3987 itucitriivs,ininflrullorio
1686 3898 1821 3983 stirenst,
1837 3894 1891 3959 lib.

381 4007 530 4065 nanus,
552 3990 587 4051 iii
594 3988 737 4075 dffrrat.
747 3990 967 4073 praeliminari
974 3994 1012 4055 de
1019 3993 1113 4072 neces-
1155 3994 1181 4053 1.
1194 4008 1258 4071 cap.
1266 3993 1289 4053 1.
1304 3992 1400 4068 §.XL
1416 3988 1511 4056 desib.
1520 3991 1562 4052 11.
1566 3987 1640 4068 fisi.
1647 3990 1690 4051 ΙΙ.
1695 4003 1780 4068 pare.
1788 3988 1815 4049 1.
1821 4000 1891 4067 cap.

371 4074 519 4165 strate&
530 4074 669 4137 vtilitate
684 4076 774 4151 audii
786 4075 930 4156 historiae
946 4078 1061 4162 ecclefia
1085 4078 1113 4141 i·
1156 4079 1327 4156 1.§.V111.
1372 4096 1484 4142 nvnc.
1502 4092 1654 4141 oorrii.
1676 4090 1890 4149 stravius,

379 4182 446 4243 car,
460 4164 494 4225 in
507 4160 587 4224 iuris
598 4160 777 4245 ecclefiaestici
785 4166 963 4247 prudentia,
972 4168 1038 4231 eius
1061 4184 1113 4229 em
1155 4164 1191 4227 in
1202 4161 1386 4227 bibliotheca
1393 4164 1470 4227 iuris
1471 4162 1597 4244 setalia,
1609 4163 1722 4242 capis.
1737 4161 1789 4223 vbi
1798 4156 1890 4222 bibli-

365 4248 758 4337 fileilisolistmationibies
771 4252 806 4315 in
820 4272 941 4318 arrii
956 4274 1000 4317 us
1015 4267 1112 4317 iast-
1155 4248 1295 4314 orbecam
1309 4252 1387 4313 iuris
1400 4249 1541 4313 canonici
1556 4244 1705 4321 exhibet,
1735 4266 1815 4310 ero
1825 4264 1843 4307 it
1854 4264 1887 4309 o.

380 4358 402 4403 c
412 4358 433 4403 a
445 4336 484 4401 de
498 4335 659 4399 concordia
661 4336 812 4414 sacerdot.
828 4343 867 4410 c!
880 4342 1002 4423 imperii
1014 4338 1112 4423 differ·
1155 4354 1357 4415 ursinus,
1380 4339 1415 4401 iti
1423 4334 1640 4421 sthediasmatc
1651 4334 1687 4396 de
1699 4332 1767 4397 otili
1781 4334 1820 4403 θ’
1834 4352 1888 4395 tie·

378 4424 515 4489 tationes
526 4420 701 4507 praemissa,
716 4419 835 4507 Lipsiae
852 4444 940 4492 anno
954 4437 1043 4509 ¹7⁰8·
1053 4425 1110 4491 sol,
1153 4424 1276 4508 caffaria
1288 4426 1451 4489 nullorum
1464 4422 1665 4486 iuridicorum
1679 4421 1717 4489 ὅ
1730 4419 1808 4482 iaris
1822 4412 1887 4481 arti

378 4510 467 4577 Cum
475 4530 552 4577 veto
560 4506 599 4576 de
606 4506 734 4575 hillotia
751 4508 963 4593 ecclesiastica,
980 4516 1109 4598 eiusque
1151 4510 1380 4592 infimitatem
1392 4510 1523 4588 notitia,
1541 4526 1575 4593 p.
1588 4528 1635 4591 41.
1680 4502 1816 4571 Seorsim
1830 4526 1885 4569 ve·

376 4597 599 4682 scriptoribus,
622 4594 770 4681 deinceps
789 4600 883 4661 nobis
904 4620 942 4664 eir
961 4599 1108 4666 instituto
1151 4616 1201 4676 ro,
1219 4596 1254 4663 dt
1267 4617 1304 4660 ex
1319 4595 1486 4675 instituto,
1502 4594 1567 4661 hoe
1580 4595 1642 4679 egit
1664 4612 1765 4658 ivsr.
1786 4611 1881 4657 risu.

376 4679 619 4767 fflwssdumfiti
641 4680 793 4775 supfflsti
810 4704 845 4753 Vt
858 4688 1002 4774 pristinu
1020 4689 1108 4776 illos,
1150 4684 1419 4847 ιοὲιίἷαεινε,
1442 4676 1883 4837 mscbedasmatedeorigig

904 4826 908 4835 .
1282 4790 1421 4861 uuna
