5259 5967
528 698 596 773 284
703 634 709 651 '¹
792 708 798 713 ·
865 688 1001 759 eruar
1032 688 1719 775 rnronrscarvrovnarvut

532 790 958 815 ..m——

535 826 673 900 eliffnno
689 854 779 899 var.
795 853 978 901 nrrrrrt
994 836 1169 921 contigisse,
1179 835 1269 903 &res
1312 855 1388 900 eum
1402 831 1597 919 quandoque
1625 828 1782 898 emendet.
1848 826 2056 917 Cumprimis

535 922 548 985 i
571 918 602 984 sa
617 916 723 987 docet.
740 919 775 986 dt
790 921 867 987 alibi
882 943 1013 1009 quoque
1033 925 1132 988 iama
1154 943 1208 987 me
1229 942 1268 986 o·
1311 916 1406 1003 istud,
1419 918 1458 985 de
1473 919 1634 985 societatis
1658 916 1814 999 custodia,
1838 918 2052 1004 principium,

562 1007 674 1071 ensum
693 1002 747 1073 est.
814 1010 1000 1076 Certamina
1033 1006 1149 1076 haecce
1172 1026 1268 1093 atque
1310 1006 1373 1073 suis
1386 1004 1626 1091 circumscripsit
1650 1006 1816 1085 limitibus,
1829 1026 1876 1085 vt,
1891 1026 1975 1091 quae
1997 1006 2050 1071 in-

536 1091 1177 1181 controuersrae,quaervrruuonrto
1192 1116 1268 1161 cum
1311 1093 1350 1162 de
1362 1092 1499 1161 deriuari
1511 1092 1660 1179 pollent,
1690 1090 1837 1159 adcurate
1858 1088 2050 1173 ostenderet,

538 1184 615 1246 viris
630 1179 736 1249 dodlis
752 1183 1001 1263 intercesserunt,
1015 1204 1171 1270 magnum
1180 1184 1268 1269 equi·
1312 1203 1395 1269 quae
1410 1203 1478 1247 non
1494 1178 1631 1267 possent,
1641 1182 1716 1245 iuris
1726 1198 1858 1245 naturae
1871 1180 1942 1259 else,
1953 1200 2050 1267 nega-

538 1264 613 1335 dem
625 1288 817 1354 pepererunt
830 1270 1269 1349 librorumnumerum,mul·
1312 1286 1370 1336 ret.
1415 1264 1531 1333 Officia
1551 1271 1657 1353 itaque
1682 1265 1825 1333 hominis
1845 1288 1917 1353 erga
1942 1270 2051 1333 Deum

540 1372 657 1441 rosquc
673 1354 765 1423 simul
780 1362 968 1440 excitarunt,
998 1378 1032 1424 vt
1058 1356 1100 1423 ad
1117 1356 1268 1442 iurispru-
1314 1358 1348 1425 dc
1363 1377 1435 1443 erga
1453 1354 1484 1423 se
1499 1354 1615 1440 ipsum,
1630 1377 1705 1420 cum
1721 1354 1929 1421 exsocictatis
1942 1350 2048 1421 custo·

540 1440 683 1511 dentiam
700 1447 880 1512 naturalem
897 1442 1106 1512 excolendam
1122 1447 1271 1511 animum
1314 1442 1367 1511 dia
1380 1444 1591 1509 demonstrari
1605 1462 1777 1528 nequeant,
1800 1462 1838 1509 ert
1852 1442 1922 1507 aliis
1946 1437 2048 1508 dedu-

542 1526 772 1616 adiungcrent;
804 1531 895 1599 simul
920 1555 998 1599 vcro
1022 1533 1210 1611 effecerunt,
1235 1546 1271 1595 vt
1314 1529 1415 1597 cenda
1433 1529 1587 1611 sontibus,
1604 1528 1724 1596 docuit·
1770 1529 1964 1597 Cumctiam
1975 1549 2049 1616 per·

541 1612 804 1703 praestantillrma
821 1618 936 1687 haecce
949 1620 1107 1707 pradicae
1126 1618 1271 1705 philoso-
1312 1620 1459 1705 spiceret,
1477 1637 1559 1704 quae
1572 1615 1611 1683 de
1625 1620 1849 1698 matrimonio,
1868 1610 2049 1703 officiisque

542 1700 637 1789 phiae
651 1724 735 1789 pars,
758 1727 841 1791 quae
855 1708 907 1773 vel
929 1710 1067 1775 maxime
1085 1726 1169 1774 vitae
1192 1709 1270 1772 ciui·
1314 1708 1510 1791 coniugum,
1546 1726 1603 1771 ceu
1627 1708 1705 1771 iuris
1729 1703 1833 1771 diuini
1864 1724 2048 1793 praecepta,

543 1793 581 1857 lis
597 1792 734 1878 negotiis
750 1794 900 1861 inseruire
913 1793 1056 1875 debebat,
1072 1816 1129 1880 per
1143 1794 1271 1860 vmbra—
1314 1790 1533 1871 tradebantur,
1549 1813 1587 1857 cx
1601 1793 1743 1867 rationis,
1757 1793 1882 1859 lumine
1905 1789 2048 1858 deriuari

545 1882 622 1943 ticas
641 1880 711 1943 illas
739 1882 773 1947 dc
802 1876 1002 1949 scholasticas
1024 1880 1269 1967 disceptationes
1313 1901 1385 1949 non
1397 1878 1504 1965 pollet
1533 1879 1652 1966 legibus
1672 1879 1868 1947 naturalibus
1888 1876 2049 1965 posrtiuus

544 1964 765 2033 obscuraretur
786 1972 898 2056 magis,
926 1990 1024 2055 quam
1052 1968 1269 2049 illustraretur,
1313 1966 1502 2034 uniuersales
1516 1964 1670 2048 adiunxit,
1686 1967 1730 2046 dt,
1740 1986 1806 2053 quo
1813 1965 1907 2053 paeto
1923 1966 2048 2051 hacrag

545 2054 581 2119 dc
594 2069 722 2119 tantum
735 2076 806 2121 non
821 2053 907 2141 apud
928 2058 1047 2122 multos
1065 2058 1204 2143 pretium
1219 2054 1269 2121 su·
1313 2058 1407 2121 tione
1421 2054 1625 2141 polygamiae
1650 2050 1870 2133 adsertoribus,
1894 2052 2048 2138 aliisque,

545 2161 604 2205 um
614 2142 783 2208 amitteret.
828 2145 928 2209 Erant
951 2146 1048 2223 enim,
1068 2146 1124 2230 qui
1144 2141 1269 2228 prorsus
1338 2144 1381 2222 ui,
1396 2161 1478 2226 quae
1497 2139 1535 2206 de
1550 2143 1762 2207 matrimonio
1786 2137 1939 2207 diuinitus
1961 2160 2049 2205 con·

545 2228 655 2291 eximii
670 2225 748 2313 quid
764 2227 795 2295 se
809 2228 1002 2315 praestitisse,
1018 2234 1184 2315 parabant,
1198 2226 1221 2297 li
1230 2228 1270 2295 de
1312 2164 1419 2297 dlituta
1433 2244 1532 2306 erant,
1552 2226 1740 2295 labesadlare
1756 2230 1968 2307 conabantur,
1985 2226 2050 2293 ob-

547 2316 708 2400 principio
721 2319 799 2381 iuris
818 2336 950 2382 naturae
970 2315 1193 2403 disceptarent,
1216 2334 1272 2383 aut
1314 2320 1403 2381 uiam
1422 2316 1462 2381 iri
1487 2315 1605 2398 posset,
1637 2315 1813 2381 luculenter
1841 2312 2048 2381 monstrauit.

545 2420 669 2466 nouam
687 2402 861 2487 quamdam
880 2407 1098 2491 excogitarent
1118 2406 1271 2471 sentcnti·
1314 2405 1395 2471 Non
1409 2400 1556 2487 equidem
1570 2399 1764 2486 negandum,
1779 2405 1847 2467 iam
1859 2404 2050 2469 anteaeius·

545 2506 612 2565 am,
629 2510 800 2554 numerum
812 2492 960 2556 inanium
975 2490 1014 2557 de
1028 2494 1271 2557 vcrbisconcer·
1313 2487 1406 2556 modi
1422 2487 1499 2573 quid
1517 2490 1550 2553 in
1566 2506 1711 2555 mentem
1723 2490 1841 2556 venisse
1862 2508 1944 2556 srva.
1961 2508 2052 2557 erto·

547 2578 709 2641 rationum
723 2573 784 2642 hac
801 2580 927 2647 ratione
948 2578 1084 2645 audluri.
1150 2578 1271 2644 Reuera
1314 2598 1383 2657 rto,
1398 2578 1433 2644 &
1447 2596 1484 2641 ex
1497 2572 1726 2662 theologorum
1737 2574 1853 2643 ordine
1875 2598 1921 2643 ro.
1939 2596 2048 2645 court.

547 2664 635 2729 enim
649 2660 716 2742 illa,
730 2684 793 2749 qua
818 2683 987 2749 tantopere
1001 2665 1032 2731 se
1052 2666 1204 2733 nonnulli
1224 2667 1270 2731 ia·
1314 2684 1536 2743 uauuavrro,
1553 2665 1587 2734 dr
1600 2684 1645 2731 ιο.
1661 2683 1812 2729 anano
1834 2684 2050 2741 scurrzrnot

544 2749 718 2830 -dlitarunt,
752 2749 896 2836 quaestio
914 2748 955 2817 ad
975 2754 1112 2837 logicam
1140 2751 1269 2837 spedlat,
1313 2749 1366 2819 sed
1380 2768 1746 2816 ruostnsrvstamen
1761 2753 1885 2835 primus
1900 2749 1973 2832 suit,
2012 2757 2050 2819 ui

548 2856 632 2921 quae
645 2834 750 2916 docet,
763 2836 840 2922 quid
853 2835 893 2904 ad
919 2843 1097 2924 genuinum
1117 2840 1270 2924 principi·
1314 2859 1352 2905 et
1367 2835 1512 2903 instituto
1527 2839 1563 2902 in
1578 2854 1726 2904 naturam
1739 2834 1950 2924 indolemque
1972 2772 2051 2907 ida·
2091 2884 2093 2889 ,

546 2942 605 2989 um
621 2924 816 3009 requiratur,
835 2942 871 2989 vr
883 2922 965 2991 adeo
979 2928 1013 2992 in
1024 2923 1271 3012 iurisprudentia
1313 2946 1386 2990 rum
1400 2924 1508 3010 legum
1531 2926 1717 3009 inquireret,
1741 2944 1856 3009 easque
1877 2924 2049 3011 perspicue

546 3012 684 3076 namrali
699 3009 1003 3096 adplicatiotantum
1014 3012 1052 3079 stt
1066 3010 1269 3079 instituenda.
1311 3010 1492 3095 explicaret,
1500 3006 1713 3077 necessitatem
1722 3010 2050 3096 quoqueearunrdetrr

547 3098 691 3182 Plerique
707 3118 785 3164 vero
806 3119 876 3163 eam
891 3102 937 3163 ita
958 3100 1146 3179 tradlarunt,
1180 3118 1215 3165 vt
1229 3096 1269 3164 ad
1318 3100 1490 3179 euinceret,
1504 3118 1695 3183 omnesque,
1705 3100 1760 3183 qui
1773 3102 1915 3166 circatas
1928 3121 2051 3167 occur-

550 3186 716 3262 minutias,
743 3182 852 3249 sinon
876 3187 1022 3269 ineptias,
1042 3204 1100 3252 aut
1116 3208 1213 3253 vanas
1238 3186 1272 3251 dc
1317 3206 1384 3251 rere
1400 3202 1561 3268 poterant,
1573 3184 1748 3269 scrupulos,
1764 3205 1930 3253 remouere
1949 3184 2049 3255 adni-

547 3272 832 3340 inanesmmaxaae
854 3268 1110 3339 deuolucrcntur.
1151 3274 1272 3338 Praeci-
1316 3288 1446 3339 teretur.
1488 3270 1736 3338 Plurimoshinc
1752 3293 1884 3358 quoque
1899 3276 2049 3340 etiamcx

549 3376 629 3441 puas
641 3352 785 3421 autemst
806 3357 967 3440 quiescite
983 3378 1076 3427 aueat
1092 3360 1272 3440 sententias,
1316 3357 1545 3445 theologorum
1558 3355 1672 3424 ordine
1683 3356 1738 3425 sibi
1761 3360 1965 3447 suffragantes
1987 3360 2049 3427 ha·

550 3462 597 3508 ro.
613 3462 666 3508 cr.
681 3462 916 3509 warcutvnr
930 3442 1033 3523 adeat,
1050 3450 1085 3511 in
1105 3448 1173 3510 dem
1198 3452 1270 3509 Enr·
1315 3450 1395 3525 buit,
1415 3468 1490 3511 cum
1500 3443 1654 3525 viderent,
1669 3463 1831 3530 promtam
1847 3450 2051 3533 planamque

550 3530 713 3616 wurffder
729 3529 925 3615 allgemeinen
947 3532 1190 3617 Gelebrsamker't,
1219 3533 1273 3598 lib.
1316 3531 1400 3600 hanc
1419 3537 1507 3598 viam
1524 3533 1595 3611 else,
1622 3553 1661 3597 ex
1677 3534 1824 3617 plurimis
1845 3530 2052 3605 difficultati·

549 3620 609 3683 111.
626 3639 652 3682 c.
670 3620 742 3683 VII.
758 3625 789 3698 §.
803 3622 920 3683 XVIII.
929 3621 1014 3706 fiqq.
1316 3623 1385 3700 bus,
1400 3640 1481 3706 quae
1494 3618 1674 3703 praesertim
1694 3622 1776 3685 circa
1796 3618 1981 3689 doetrtnam
2004 3621 2049 3691 de

660 3700 722 3770 Sed
742 3723 777 3768 vt
796 3703 1009 3785 absoluamus,
1035 3726 1117 3792 quae
1138 3701 1273 3771 dicenda
1315 3710 1525 3773 matrimonio
1535 3706 1594 3772 sese
1607 3706 1935 3786 offerunt,eludlandi.
1951 3710 2050 3775 Eam·

550 3786 659 3857 adhuc
679 3788 808 3869 restant,
844 3788 915 3876 post
934 3811 1194 3859 rvruuoorrrvm
1210 3792 1273 3859 sese
1315 3791 1389 3861 dem
1404 3796 1511 3879 itaque
1525 3796 1560 3860 ὃς
1574 3814 1634 3879 ego
1651 3795 1815 3880 amplexus
1832 3794 1902 3861 sum
1915 3795 2047 3863 senten-

551 3878 1273 3965 nobisoffertcnaisnrnoursivsquip-
1314 3883 1414 3958 tiam;
1437 3880 1542 3947 donec
1556 3878 1702 3965 deinceps
1725 3882 1944 3965 perspicerem,
1966 3883 2048 3951 saci·

550 3986 592 4051 pe
608 3968 663 4051 qui
679 3986 748 4031 non
760 3986 823 4031 vna
840 3968 965 4031 rarione
980 3968 1147 4053 ingenium
1170 3970 1205 4032 in
1221 3970 1270 4032 iu·
1312 3970 1387 4033 liori
1413 3966 1517 4035 adhuc
1541 3971 1687 4052 negotio,
1726 3968 1760 4035 dc
1777 3972 1857 4035 citra
1880 3971 2045 4059 ambages,

548 4049 758 4139 risptudentia
776 4051 913 4117 naturali
923 4056 1072 4119 exercuit.
1116 4055 1154 4118 lit
1173 4055 1268 4119 initio
1313 4054 1430 4123 cunda
1449 4052 1587 4139 expediri
1607 4055 1705 4138 posse,
1734 4052 1853 4141 stleges
1880 4060 2046 4126 naturales

549 4139 683 4225 quidem
694 4142 721 4205 is
735 4160 871 4205 rvruu
881 4160 903 4204 n
913 4159 1027 4206 ottrrr
1042 4137 1269 4221 defensionem,
1312 4145 1350 4209 in
1366 4141 1523 4208 absolutas
1536 4142 1571 4209 dt
1584 4139 1806 4227 hypotheticas
1821 4140 1873 4209 dis
1889 4144 2046 4226 escamus,

549 4225 733 4310 praesertim
755 4244 867 4291 contra
888 4245 977 4291 var.
1010 4247 1202 4307 aarum,
1223 4229 1272 4295 su·
1311 4226 1852 4315 seutales,quaeinllitutumaliquo
1880 4228 2048 4313 diuinum,

547 4314 655 4395 scepit.
699 4314 811 4397 quue
826 4331 1013 4398 comparata
1030 4310 1073 4380 est
1095 4315 1161 4379 eius
1180 4316 1269 4398 iuris·
1313 4316 1495 4383 cuiusmodi
1524 4315 1557 4381 dt
1578 4318 1822 4382 matrimonium
1843 4314 1894 4397 esi,
1915 4314 2043 4403 suppo-

541 4398 843 4485 prudenriadiuim,
857 4422 939 4484 quae
955 4404 1038 4473 1688
1057 4402 1200 4485 primurn
1222 4403 1269 4467 lu·
1312 4421 1408 4469 nunt.
1458 4403 1532 4483 Qua
1546 4401 1636 4486 super
1658 4424 1690 4469 re
1709 4400 1869 4489 copiofius
1892 4424 2042 4473 mentem

549 4504 621 4550 cern
637 4484 787 4570 adspexit,
801 4484 914 4551 deinde
932 4484 1197 4553 adnotationibus
1218 4489 1269 4553 lo·
1310 4511 1419 4555 meam
1430 4482 1588 4554 declaraui
1609 4491 1645 4554 in
1662 4488 1905 4575 institutionibus
1924 4490 2046 4558 theolo-

548 4569 817 4655 cupletata1694‚
833 4574 867 4639 dc
887 4571 997 4658 postea
1018 4574 1141 4657 saepius
1160 4574 1267 4641 recusa
1303 4580 1379 4731 gite
1390 4575 1501 4641 morat
1518 4593 1603 4659 perr.
1617 4580 1659 4641 II.
1681 4582 1756 4643 c-II.
1769 4586 1798 4659 §.
1816 4581 1947 4647 XLVII.
1956 4581 2044 4665 seqq.

514 4668 517 4673 '
546 4656 616 4728 fuit.
659 4660 708 4727 lta
720 4677 798 4725 vero
813 4656 950 4745 sequitur
967 4655 1218 4743 Pusendorfium,
1230 4678 1267 4729 vt
1334 4664 1431 4731 lacuit
1446 4683 1525 4731 vero
1540 4661 1730 4749 postcariro
1746 4660 2047 4751 doetrffimoauam
