5259 5967
490 700 495 707 '
573 736 638 817 248
877 715 1018 795 strar
1050 698 1263 793 rarosss
1290 710 1467 793 error
1496 703 1757 814 ovaarvu

1346 832 2091 879 Ἢ

473 962 478 970 ,
576 904 660 975 quae
673 881 713 951 de
723 878 824 947 hocce
838 880 942 967 capite
954 876 1018 947 dici
1057 894 1205 957 oterant,
1240 878 1306 941 iam
1350 872 1446 943 exstat
1456 897 1766 948 sarr.socnanr1
1779 881 1985 973 hierozos'coa,
1996 892 2087 961 sum.

576 974 668 1059 attigi
681 964 1006 1055 inusitatissimus.
1038 980 1151 1053 ogmar.
1161 964 1214 1029 cro.
1224 966 1267 1032 ss.
1277 982 1306 1029 c.
1349 982 1406 1029 mo
1419 963 1525 1033 studio
1539 966 1757 1055 conscriptum
1772 992 1866 1057 opus,
1883 976 1972 1060 quod
1985 984 2084 1049 meri·

576 1064 621 1128 ll.
637 1054 678 1124 ad
699 1066 732 1137 ς.
753 1058 839 1122 XVI.
855 1072 888 1139 p.
912 1075 985 1139 479.
996 1055 1081 1139 seqq.
1125 1049 1305 1117 Historiam
1348 1066 1385 1115 to
1398 1048 1576 1120 thesaurum
1591 1054 1765 1141 quemdam
1773 1058 1942 1146 exquisitae
1956 1064 1990 1131 dt
2002 1088 2081 1152 pro.

576 1145 743 1215 doetrinae
755 1140 1042 1211 deirnmortalitatc
1053 1140 1180 1207 animae
1191 1134 1304 1235 itidem
1347 1133 1463 1206 fundae
1478 1139 1666 1209 eruditionis
1681 1139 1804 1212 dixeris.
1855 1149 2029 1235 Epitomen
2043 1176 2079 1221 e·

576 1232 706 1304 exhibui
718 1231 755 1297 in
768 1226 870 1315 thtstlr.
883 1228 921 1294 dc
943 1226 1089 1311 atheifim
1111 1227 1149 1297 ss
1160 1222 1303 1310 strperstt-
1346 1226 1396 1290 ius
1409 1224 1496 1292 dedit
1510 1248 1562 1294 ro.
1587 1250 1712 1295 utun.
1733 1250 1872 1313 Marus,
1885 1239 1920 1302 in
1938 1238 2081 1313 breui&

577 1326 671 1401 sione,
687 1339 712 1382 c.
727 1319 786 1384 111.
801 1313 842 1383 ad
855 1326 889 1396 ς.
905 1318 947 1381 ΙΙ.
957 1333 992 1400 p.
1013 1334 1071 1397 ²5¹·
1083 1315 1170 1397 seqq.
1214 1310 1302 1377 lnter
1344 1330 1492 1377 accurata
1504 1316 1690 1379 animalium
1696 1318 1730 1380 iss
1735 1320 1826 1399 fimo
1842 1326 2022 1407 cumprimis
2029 1347 2080 1393 co-

575 1410 741 1493 scriptores
754 1400 794 1471 de
809 1403 1054 1469 inmortalitate
1072 1402 1199 1465 animae
1221 1398 1301 1465 erni·
1346 1399 1412 1462 dice
1424 1418 1731 1467 commemoratorum
1745 1404 1884 1491 historia,
1897 1413 1933 1476 in
1946 1434 2009 1497 qua
2025 1417 2076 1481 in·

576 1510 655 1564 nent
670 1510 810 1558 roten.
830 1506 1169 1565 urrurruaunvs,
1190 1480 1231 1553 de
1243 1484 1302 1547 im·
1346 1482 1745 1556 terdum&rocuanrvn
1765 1494 1965 1565 emendauit.
2005 1503 2078 1568 lam

573 1578 766 1651 mortalitate
779 1571 1194 1655 animaerationaiisexsslo
1211 1571 1302 1637 lumi-
1344 1592 1440 1639 antea
1454 1594 1518 1640 ruo
1528 1594 1610 1641 tro.
1626 1596 1670 1641 ra
1679 1598 1698 1642 a
1707 1599 1754 1643 uz
1764 1594 1817 1647 svs
1830 1581 1990 1669 historiam
2004 1590 2079 1653 assi·

547 1710 551 1715 -
572 1690 612 1737 ne
623 1682 756 1731 naturas
769 1662 948 1748 apodicticis
962 1663 1002 1733 cs
1012 1660 1120 1746 topicis
1126 1658 1301 1726 rationibus
1342 1660 1604 1743 maliumſsacram
1622 1662 1794 1749 scripserat,
1809 1689 1906 1754 quam
1919 1670 2074 1760 ampliffi-

571 1754 690 1842 lc'qaido
709 1750 833 1838 ostense,
849 1770 970 1818 rosan.
992 1766 1186 1816 retractu
1196 1766 1299 1826 orvs,
1342 1748 1403 1813 mis
1416 1750 1655 1815 commentariis
1669 1750 1836 1821 illustrauit
1849 1778 1894 1823 ro.
1909 1780 1981 1825 cta
1991 1782 2011 1826 n
2021 1782 2076 1829 rs-

572 1846 610 1911 in
628 1853 729 1907 merce
747 1836 930 1918 immortali,
950 1856 1061 1904 vruc.
1081 1852 1297 1912 sraccrvs,
1342 1853 1428 1913 seve,
1437 1833 1609 1923 theologus
1618 1836 1969 1930 quondamLipsrensrs.
1990 1849 2075 1916 Mit-

572 1932 610 1999 in
623 1924 986 2013 demonstrationefislida
1001 1920 1248 1989 immortalitatis
1264 1941 1299 1983 a·
1341 1936 1377 1985 to
1393 1922 1542 2006 reliquos,
1583 1924 1615 1988 ui
1627 1920 1713 1991 idem
1721 1948 1945 2013 argumentum
1954 1936 2081 2003 tradis:

569 2016 674 2083 ssimae
687 2011 843 2079 harmarus
857 2012 965 2097 qublo
981 2010 1094 2075 lumine
1106 2008 1297 2090 maturaefa·
1339 2024 1432 2103 runts
1456 2030 1530 2073 cum
1546 1944 1605 2088 idi,
1620 2032 1701 2097 quos
1724 2024 2072 2101 commemorauimus,

568 2107 634 2183 ila,
647 2120 746 2188 quam
761 2100 870 2186 lingua
885 2102 1066 2185 germanica
1082 2092 1213 2181 scripsit,
1230 2114 1296 2159 ur.-
1338 2092 1477 2161 suflrcere
1492 2114 1622 2181 queant.
1687 2100 1736 2166 De
1756 2104 1929 2185 arboribus,
1951 2106 2071 2185 herbis,

570 2208 741 2259 narnus
762 2206 977 2263 bresanus,
999 2184 1040 2250 de
1061 2180 1298 2249 immortalitate
1338 2180 1469 2266 plantis,
1485 2186 1693 2265 aromatibus,
1711 2207 1852 2273 quonrm
1864 2196 1898 2259 in
1913 2193 2069 2259 sacrislit·

567 2277 705 2353 auimatq
718 2272 846 2359 aliique,
861 2269 901 2339 de
917 2270 1032 2358 quibus
1045 2271 1079 2335 in
1102 2264 1216 2334 iisdem
1229 2265 1296 2332 the·
1339 2269 1413 2333 teris
1426 2272 1550 2335 mentio
1568 2272 1721 2353 inlicitur,
1736 2297 1753 2339 a
1799 2296 1836 2345 nt
1857 2301 1981 2346 urna.
2002 2302 2071 2347 vn-

558 2362 646 2451 filius
665 2361 703 2427 de
722 2358 867 2441 athtismo
887 2360 927 2430 cs
936 2354 1088 2443 superstit.
1109 2351 1245 2434 dissum,
1269 2373 1294 2416 c.
1337 2374 1461 2434 sruvs,
1497 2359 1532 2420 in
1542 2358 1685 2422 arboreto
1698 2360 1751 2423 bib
1772 2364 1822 2445 'co,
1858 2369 1910 2432 cui
1925 2370 2070 2455 iungitur

569 2453 643 2518 VII.
659 2445 700 2515 ad
716 2456 749 2527 s.
764 2450 807 2512 ss.
823 2463 857 2528 p.
879 2448 942 2529 154.
1010 2442 1172 2511 sollemne
1188 2438 1244 2537 cll,
1258 2456 1294 2504 vt
1333 2439 1623 2526 phytologiastscra,
1646 2442 1914 2533 herbariusſsrcrr,
1940 2458 1980 2524 ὅ
1991 2455 2068 2520 bor.

565 2534 669 2605 homo
682 2534 891 2618 microcosmus
903 2547 1052 2607 voceturs
1067 2524 1156 2616 quod
1170 2527 1225 2594 etls
1239 2545 1295 2612 per
1336 2543 1387 2590 tus
1412 2529 1618 2603 aromaticass
1639 2552 1772 2598 ruou.
1800 2557 1992 2618 stouras,
2032 2546 2068 2611 in

566 2620 750 2709 analogiam
764 2616 939 2705 quamdam
950 2614 1077 2685 admitti
1106 2632 1191 2697 ueat,
1203 2629 1295 2681 cauto
1337 2614 1598 2695 obseruationibus
1608 2618 1645 2680 dc
1652 2618 1781 2700 plastris,
1791 2624 1823 2686 iss
1831 2626 1924 2705 stura
1930 2630 2068 2712 strupra.

563 2726 674 2777 tamen
687 2706 721 2775 dt
735 2726 804 2771 non
819 2702 885 2773 fine
899 2726 1000 2793 grano
1013 2702 1083 2771 salis
1120 2722 1162 2768 oc
1173 2700 1291 2784 accipi·
1335 2722 1373 2763 ra
1387 2703 1583 2777 memoratur
1606 2724 1702 2770 aon.
1719 2728 1907 2795 coquvs,
1924 2717 1958 2777 iu
1970 2714 2068 2801 hasto-

564 2792 697 2873 endum,
710 2793 796 2864 redte
815 2790 968 2858 nonnulli
989 2805 1138 2857 monent.
1181 2786 1291 2851 Homi·
1334 2788 1385 2850 ria
1392 2789 1486 2868 stura
1494 2788 1689 2875 plantarum,
1711 2795 1869 2876 arborum,
1893 2802 1932 2869 ὅ
1950 2798 2070 2867 herba.-

563 2904 634 2949 uem
648 2878 736 2947 haud
746 2878 971 2943 commodedici
983 2874 1220 2956 microcosmum,
1235 2892 1291 2959 pe·
1334 2892 1404 2935 rum
1412 2875 1524 2956 ficerat
1528 2876 1712 2961 scripturae.
1755 2883 1805 2949 De
1818 2888 1953 2968 gemmis
1965 2888 2065 2955 sacris

563 2968 688 3049 culiari,
699 2985 800 3053 eaque
812 2964 898 3033 ledo
911 2962 1018 3051 digna,
1037 2956 1293 3047 drfflrtasionead
1333 2954 1406 3046 post
1438 2980 1708 3030 territantur«
1743 2970 1957 3039 narrandum
1970 2978 2067 3041 sosas.

563 3056 744 3137 Gen.1,ao.
761 3054 852 3123 &rx
867 3072 900 3114 eo
915 3049 1056 3137 Gregorii
1068 3046 1190 3133 Nyfflni
1211 3044 1290 3107 duas
1334 3064 1569 3115 commentatus
1593 3047 1637 3119 est
1666 3070 1825 3116 MATTH.
1851 3071 2064 3122 urrsruvs

560 3136 850 3207 orationssiuhursc
864 3130 1289 3221 locum,eiusdernqutlibrum
1331 3131 1372 3199 de
1383 3132 1710 3221 duodecimgrmmisirs
1713 3134 1975 3222 pciioralr'smsami
1977 3159 2064 3224 pon.

559 3230 596 3295 dc
625 3225 742 3312 opificio
764 3220 899 3287 hominis
920 3242 945 3282 c.
977 3224 1064 3283 XVI.
1102 3218 1201 3291 euicit
1236 3235 1288 3281 ro.
1330 3217 1430 3303 sificis,
1447 3220 1562 3287 &iam
1577 3242 1649 3292 ante
1662 3246 1736 3291 eum
1751 3245 1897 3291 ruane.
1918 3248 2063 3309 avrvs,

558 3329 812 3381 cunrsroru.
844 3320 1110 3383 rrcnauuvs,
1144 3296 1287 3367 Francos.
1331 3304 1646 3397 degemmisaliqoor,
1663 3312 1704 3376 iis
1714 3314 1904 3396 praeftrrim,
1945 3333 2065 3380 uarum

554 3397 597 3469 ad
608 3392 766 3465 Viadrum
784 3395 864 3477 1716
880 3395 915 3456 in
930 3408 963 3473 4.
1179 3472 1186 3487 ⁸
1205 3472 1213 3487 ο
1322 3394 1365 3480 fit
1376 3395 1532 3459 mentiosi
1545 3397 1715 3485 apocaqpst
1727 3402 1790 3470 &a
1812 3336 2064 3485 Atquediprae-

647 3484 711 3528 Μ
731 3480 822 3547 Hinc
835 3479 870 3546 &
887 3480 949 3543 viri
961 3469 1188 3563 quidamdodr
1203 3492 1286 3540 tneo
1329 3482 1417 3565 cipui
1431 3479 1562 3565 quidam
1576 3486 1648 3550 sunt
1660 3505 1697 3551 ex
1709 3504 1831 3570 magno
1850 3486 1983 3552 illorum
1998 3509 2065 3555 nu-

557 3592 692 3663 operam
706 3564 909 3651 studiumque
921 3563 1014 3629 suum
1026 3562 1239 3643 collocarunt,
1247 3578 1285 3627 vt
1327 3586 1432 3647 mero,
1454 3568 1707 3651 quaomnia
1723 3572 1875 3655 scriptura
1896 3572 1981 3638 sacra
2002 3597 2063 3640 oc.

557 3662 730 3748 scripturae
747 3654 852 3719 sactae
865 3647 1023 3737 quaedam
1036 3648 1110 3715 loca
1128 3668 1166 3713 ex
1184 3646 1284 3713 scien-
1327 3656 1485 3719 currentia
1499 3646 1680 3720 illustranda
1694 3654 1751 3723 srbi
1764 3658 1948 3725 sumserunt.
1993 3662 2061 3729 Re·

558 3752 603 3817 tia
621 3742 761 3813 naturali
780 3734 980 3807 illustrarent.
1027 3734 1133 3821 Atque
1151 3748 1283 3819 genera·
1326 3738 1432 3825 liquos
1441 3738 1580 3805 recenset
1594 3758 1672 3808 rac.
1691 3764 1737 3808 rr
1761 3764 1884 3824 tono,
1893 3746 1965 3811 bibl.
1972 3750 2063 3829 fiacr.

555 3840 617 3905 tim
635 3826 767 3921 quidem
781 3826 846 3893 hoc
859 3822 1000 3890 fecerunt
1024 3840 1169 3887 ruane.
1189 3840 1282 3888 vat·
1325 3842 1399 3888 som.
1414 3827 1458 3891 11.
1468 3840 1555 3907 part.
1571 3828 1614 3891 11.
1627 3845 1689 3893 ars.
1703 3832 1759 3895 IX.
1769 3847 1803 3913 p.
1820 3850 1900 3914 1045.
1906 3836 1990 3917 seqq.
1999 3834 2057 3901 vbi

555 3941 707 3998 ursrvs,
722 3918 758 3982 in
761 3908 954 3999 philosophia
957 3911 1062 3992 fiscra,
1077 3927 1168 3973 var..
1177 3928 1281 3974 ursan.
1325 3906 1494 4063 postquam
1523 3911 1700 3996 plurimos,
1739 3919 1795 4001 qui
1816 3923 1993 4002 generatim
2013 3918 2058 3989 de

554 4022 781 4082 vootnavs,
797 3996 937 4065 derebus
950 3993 1147 4060 naturalibus
1167 4013 1205 4056 ut
1218 4016 1281 4060 me·
1325 3995 1392 4084 phy
1404 4018 1453 4063 sca
1465 3998 1551 4062 sacra
1571 3996 1767 4084 scripserunt,
1784 4002 1899 4069 ordine
1918 4028 2059 4074 enume-

555 4098 645 4178 dicis,
660 4108 794 4179 quarum
813 4085 1011 4170 inscriptura
1022 4083 1065 4169 fit
1083 4082 1210 4159 mentio,
1231 4103 1282 4147 ro.
1325 4102 1410 4149 ratos
1424 4082 1541 4162 videas,
1558 4089 1613 4166 qui
1634 4084 1673 4153 de
1694 4090 1785 4171 aquis
1805 4090 2057 4175 supra-caelesti·

557 4205 609 4251 »ε
637 4201 733 4257 ruat,
748 4178 783 4241 in
792 4170 1082 4259 pbystologiasacra.
1133 4168 1171 4231 ln
1188 4168 1282 4237 vesti-
1325 4172 1393 4249 bus,
1409 4168 1448 4237 de
1463 4167 1605 4255 paradiso
1622 4174 1771 4253 terrestri,
1787 4173 1826 4242 de
1847 4176 1982 4260 diluuio,
2010 4178 2057 4250 de

555 4272 614 4357 giis
631 4263 785 4333 naturalis
799 4257 976 4337 doctrinae,
990 4258 1025 4321 in
1040 4255 1124 4320 libro
1139 4253 1211 4321 lobi
1226 4277 1281 4322 oc-
1325 4256 1442 4324 fabrica
1456 4259 1658 4339 arcaeNoae,
1674 4258 1713 4326 de
1721 4264 1912 4347 gigantibus,
1928 4263 1967 4330 de
1975 4266 2055 4332 lon-

555 4342 927 4429 currentibus,'eruendis
942 4366 979 4409 ac
995 4338 1187 4427 explicandis
1208 4340 1280 4411 dili·
1323 4347 1480 4432 gaeuitate
1493 4346 1558 4408 vita
1602 4343 1641 4413 de
1652 4350 1773 4414 morbis
1794 4351 1923 4430 biblieis,
1945 4348 1985 4417 de
2002 4353 2055 4420 la.

553 4440 694 4527 gentiam
707 4436 795 4500 suam
812 4434 962 4521 probauit
974 4452 1020 4497 10.
1032 4446 1100 4494 rac.
1112 4447 1281 4499 scnuvcrt-
1324 4429 1451 4517 pidibus
1463 4364 1618 4515 pretiobs,
1635 4432 1676 4500 de
1690 4437 1855 4501 arboribus
1870 4436 1905 4505 dt
1926 4438 2052 4523 plantis

553 4545 662 4603 araus,
690 4524 726 4587 in
736 4520 781 4604 pb
790 4524 856 4607 fica
869 4521 947 4600 lobi,
962 4536 1061 4604 quam
1078 4514 1187 4601 lingua
1211 4538 1279 4605 ger·
1323 4514 1510 4596 biblicis,de
1523 4521 1724 4603 animalibus,
1748 4520 1786 4591 de
1801 4524 1986 4612 metallogia
2003 4530 2053 4595 sa-

552 4612 681 4681 manica
694 4628 732 4673 co
770 4607 884 4695 cripfit.
929 4602 1279 4690 Deanimalibus,quo·
1322 4624 1385 4683 cra,
1401 4600 1601 4689 &deporto
1620 4628 1761 4694 egerunt.
1805 4611 2050 4681 Nonnulloset·

552 4720 627 4775 rum
638 4699 681 4791 ‘in
692 4693 847 4792 ¹scriptura
868 4690 1096 4769 sacramentis
1122 4690 1277 4781 miurus,
1320 4694 1400 4779 iem,
1415 4694 1471 4781 qui
1485 4690 1581 4768 huius
1593 4694 1659 4767 loci
1672 4696 1755 4781 sunt,
1772 4694 1906 4785 indicat,
1927 4702 1961 4771 &
1976 4722 2053 4857 epiu-

2022 4806 2054 4863 tc
