5259 5967
736 711 803 793 246
1066 690 1207 761 LIBRI
1230 683 1442 758 attolus
1463 672 1639 750 CAPVT
1660 671 1915 767 Qvnntvtt

828 780 2260 831 ww

737 854 863 943 pariam
876 846 915 919 (s
926 838 1196 927 vranographiam
1209 835 1420 923 chrisianam,
1435 832 1470 899 &
1515 832 1668 918 spectant.
1712 832 1743 897 Si
1761 832 1842 916 quis,
1860 831 1914 918 qui
1930 830 2085 917 specialia,
2102 827 2256 918 singulas·

743 942 805 1009 alia
819 930 960 1003 eiusdem
995 930 1209 1012 enerisquam
1230 921 1368 1011 plurima
1401 917 1468 987 edi·
1516 941 1579 1006 que
1590 916 1671 986 adeo
1684 914 1829 1011 physicae
1843 935 1947 1003 partes
1961 922 2146 1004 attigerunt,
2164 920 2255 989 nosse

744 1026 801 1107 dit,
818 1019 965 1104 exemplo
974 950 1038 1083 hoc
1045 1010 1473 1099 comprobauiinintrodati.
1517 1026 1602 1083 atter,
1616 1010 1642 1073 is
1658 1028 1756 1072 onu.
1773 1026 1835 1071 oa.
1859 1027 1886 1071 u
1897 1027 1917 1070 o
1927 1027 1948 1070 te
1960 1028 1982 1071 rr
1992 1026 2077 1071 ortt
2091 1002 2183 1073 adeat
2192 1027 2253 1092 po-

742 1114 787 1179 esi
798 1107 902 1195 histor.
911 1104 1022 1191 philos
1036 1103 1109 1167 Eho.
1127 1099 1168 1167 ad
1182 1110 1216 1179 s.
1231 1100 1474 1181 ussup-315·
1517 1093 1688 1184 lyhistorom
1700 1110 1776 1158 tom.
1789 1097 1831 1158 11.
1848 1094 1901 1159 lih.
1917 1095 2254 1182 Il.ubiperintegram

736 1203 822 1287 seqq.
843 1195 942 1262 Leslu
957 1210 1066 1257 tamen
1083 1210 1158 1275 prae
1174 1186 1302 1271 reliquis
1319 1182 1414 1270 digna
1432 1178 1475 1248 est
1513 1200 1638 1268 partem
1645 1182 1823 1263 scandam,
1836 1200 1868 1264 p.
1883 1202 1946 1264 app.
1965 1202 2030 1259 eos,
2041 1184 2096 1266 qui
2107 1178 2171 1247 huc
2184 1203 2256 1268 per.

747 1304 874 1354 armo.
889 1303 911 1347 n
922 1298 1056 1346 annot
1070 1274 1187 1361 physso
1202 1271 1381 1356 chisiano,
1406 1267 1475 1353 sae
1520 1274 1638 1349 tinent,
1656 1267 1805 1334 recenset.
1830 1266 1916 1333 ldem
1931 1268 2005 1333 iacit
2020 1290 2255 1337 avaooorru.

748 1368 915 1459 christiana
936 1367 973 1430 ele
991 1385 1094 1428 rerum
1115 1377 1290 1425 creatarum
1301 1358 1421 1444 origine
1438 1356 1477 1426 ὅ
1519 1377 1681 1435 srnvvrvs,
1707 1354 1850 1419 hihliorh.
1860 1353 1971 1438 philos
1983 1376 2007 1419 c.
2026 1361 2063 1421 V.
2080 1365 2109 1438 §.
2126 1362 2164 1419 X.
2168 1359 2256 1443 seqq.

745 1460 802 1543 oss
816 1454 992 1541 disparatio,
1003 1452 1122 1535 quippe
1129 1452 1233 1532 inqua
1247 1444 1406 1510 nonnulla
1414 1443 1474 1507 mi·
1516 1463 1551 1530 p.
1566 1453 1615 1523 γε.
1623 1443 1707 1526 sqq.
1774 1443 1862 1508 Licet
1878 1460 1985 1508 autem
2001 1444 2154 1508 omnibus
2171 1466 2257 1511 con·

747 1550 837 1613 nime
861 1533 1100 1606 contemnenda
1121 1550 1304 1599 occurrunt.
1369 1530 1478 1596 Tertia
1521 1532 1638 1598 celsum
1653 1550 1722 1594 non
1738 1525 1785 1609 srr,
1797 1532 1943 1594 animum
1959 1526 2158 1617 persingulas
2174 1530 2257 1619 phy·

751 1630 852 1699 editio
863 1626 1017 1691 Geneuae
1033 1618 1153 1709 prodiit
1179 1631 1263 1699 1580
1286 1622 1321 1682 in
1343 1628 1375 1692 8.
1417 1618 1479 1681 Ex·
1521 1615 1594 1686 sices
1617 1634 1721 1701 partes
1746 1615 1966 1691 circumferre3
1989 1615 2184 1684 adcuratiori
2207 1636 2256 1684 ta-

748 1716 807 1787 stat
825 1715 858 1782 &
867 1707 1008 1779 eiusdem
1012 1708 1143 1793 phpfioes
1155 1705 1339 1791 christianae
1347 1724 1425 1790 pars
1432 1702 1478 1768 al·
1522 1726 1600 1771 men
1613 1701 1780 1770 doetrinae
1793 1699 1833 1768 de
1847 1702 1981 1769 homine
1994 1708 2182 1791 cognitione
2199 1726 2256 1771 ne·

749 1820 830 1881 tera,
844 1800 882 1865 de
904 1818 1007 1861 serrem
1027 1811 1204 1860 creatarum
1234 1810 1370 1871 natura,
1392 1788 1476 1857 edita
1523 1814 1579 1859 mo
1596 1810 1700 1857 carere
1712 1792 1842 1876 poterit.
1886 1790 1977 1857 Haec
1996 1796 2084 1858 enim
2106 1814 2163 1878 per
2183 1812 2257 1859 mo-

751 1894 871 1959 iterum
885 1884 1038 1951 Geneuae
1055 1883 1187 1963 1582in
1205 1890 1235 1954 8.
1278 1879 1477 1944 Illorumve·
1522 1878 1622 1945 ralem
1642 1897 1775 1962 quoque
1798 1874 2054 1962 philosophiam,
2092 1880 2260 1966 ipsamque

749 1998 788 2045 to
802 1971 995 2048 institutum,
1006 1969 1062 2054 qui
1079 1964 1243 2053 phyficam
1264 1968 1309 2031 ira
1328 1965 1478 2042 tractant,
1522 1963 1736 2049 theologiam,
1752 1986 1790 2029 ac
1808 1962 2259 2049 iurisprudentiam,larilsrme

750 2080 787 2129 vt
800 2057 892 2129 srmul
913 2054 1095 2134 ostendant,
1114 2074 1181 2138 quo
1204 2052 1301 2137 pasto
1324 2051 1479 2137 sapientia
1522 2053 1554 2118 se
1568 2048 1730 2117 diffundit.
1773 2052 1894 2117 Maiori
1903 2056 2121 2152 naquaquam
2132 2056 2259 2138 reliqua

751 2148 959 2238 potentiaque
973 2142 1127 2208 Numinis
1135 2160 1173 2205 ex
1186 2140 1335 2224 operibus
1348 2156 1480 2203 naturae
1523 2141 1647 2217 omnia,
1663 2135 1827 2222 diligentia
1842 2142 1875 2203 in
1885 2138 2014 2227 phyltca
2028 2140 2151 2207 traslati
2161 2139 2258 2206 debe·

751 2236 955 2321 intelligatur,
976 2229 1195 2311 maximopere
1212 2221 1410 2291 laudandum
1425 2222 1480 2291 est.
1523 2227 1597 2299 batt
1619 2221 1709 2309 quod
1728 2246 1799 2290 non
1818 2246 1931 2293 omnes
1949 2227 2135 2295 obseruant.
2188 2230 2258 2313 Ego

751 2326 803 2391 De
818 2341 871 2387 10.
885 2336 985 2385 tener
998 2315 1100 2380 libro:
1127 2309 1287 2398 existentia
1305 2313 1344 2381 cs
1355 2313 1480 2396 sapien·
1524 2330 1617 2387 certe,
1640 2330 1759 2395 operae
1784 2332 1837 2375 me
1858 2313 1961 2379 secisse
1990 2318 2141 2399 pretium,
2163 2330 2258 2401 puto,

751 2412 800 2479 tia
815 2407 877 2474 Dei
889 2401 1086 2489 manistsasa
1101 2401 1135 2464 in
1150 2397 1290 2482 operibus
1303 2398 1482 2476 creationis,
1525 2397 1615 2485 quod
1629 2400 1664 2462 in
1678 2396 1832 2461 elementis
1853 2402 1930 2463 meis
1942 2399 2153 2486 philosophiae
2173 2400 2259 2465 obeo·

754 2496 856 2574 dioto,
871 2490 946 2559 alibi
959 2493 1091 2577 agimus.
1136 2482 1257 2551 Eodem
1278 2486 1377 2551 etiam
1399 2504 1483 2568 quo·
1526 2487 1639 2549 recisae
1653 2486 1761 2568 primo
1780 2480 1885 2550 llntim
1901 2488 1975 2550 loco
1991 2485 2029 2551 de
2043 2509 2078 2552 ea
2094 2493 2154 2573 egi.
2203 2488 2260 2553 Fu·

753 2576 933 2652 dammodo
942 2574 1063 2663 speetat
1075 2592 1167 2640 tvo.
1181 2592 1203 2637 o
1214 2591 1263 2636 nn
1273 2591 1328 2637 nn
1339 2592 1359 2637 τ
1369 2592 1386 2635 ε
1396 2588 1482 2634 usis
1527 2588 1622 2638 erunt
1636 2568 1711 2636 hinc
1726 2572 1836 2651 eriam,
1850 2575 1906 2657 qui
1920 2592 1958 2639 ex
1979 2570 2128 2640 inllituto
2157 2574 2260 2641 hocce

748 2665 943 2759 philosophia
957 2660 1135 2749 christiana,
1149 2660 1186 2723 ae
1200 2658 1382 2722 admirabili
1397 2676 1486 2741 opere
1528 2658 1680 2723 naturalis
1705 2654 1870 2725 doetrinae
1900 2677 1995 2743 caput
2017 2661 2260 2745 pertraslarent.

755 2755 932 2831 creationis,
960 2746 1167 2833 &quomodo
1189 2763 1248 2829 per
1264 2762 1424 2807 creaturas
1444 2742 1488 2806 ad
1529 2766 1581 2811 10.
1605 2764 1855 2811 arentinott
1878 2746 2148 2833 anthropologiam
2163 2748 2260 2834 supra

755 2844 904 2909 creatoris
921 2838 1111 2925 agnitionem
1128 2832 1350 2916 paroemiarum
1379 2830 1485 2915 lngol·
1529 2834 1595 2897 iam
1611 2834 1953 2900 commemorauimut.
1997 2856 2161 2903 trunti
2176 2856 2261 2921 quo-

756 2927 846 2997 stadii
864 2930 947 3008 1650
962 2926 996 2989 in
1012 2934 1041 2997 ε.
1085 2914 1486 2985 Necsrnerationehucre·
1529 2939 1592 3004 que
1606 2937 1805 2984 cantnsrr
1819 2924 1973 2985 eremitas
1995 2922 2032 2984 sle
2049 2922 2183 3002 homine,
2200 2944 2264 2987 no·

755 3016 909 3093 seruntur,
925 3012 981 3098 qui
990 3007 1126 3096 phpficas
1141 3005 1267 3069 diuinas
1284 3004 1483 3088 scripserunt,
1528 3008 1567 3071 tis
1582 3006 1768 3091 perpetuisa
1783 3026 1937 3073 uvoovr
1950 3029 1998 3073 co
2023 3028 2071 3073 nr
2095 3028 2145 3075 un
2170 3030 2267 3075 rote·

737 3104 821 3171 'hoc
836 3098 891 3178 est,
907 3100 992 3171 tales,
1006 3114 1086 3181 quae
1102 3088 1142 3157 ad
1156 3086 1362 3169 existentiam,
1372 3108 1486 3175 poten·
1529 3112 1578 3159 ott
1592 3088 1772 3170 illustratus,
1786 3113 1848 3157 vna
1865 3114 1939 3157 cum
1952 3092 2093 3162 eiusdem
2107 3117 2156 3162 ca
2167 3116 2218 3162 nt
2230 3118 2267 3163 ε·

760 3194 840 3256 tiam
854 3186 1082 3270 &sapientiam
1089 3179 1243 3244 Numinis
1252 3174 1488 3263 agnoscendam
1530 3198 1584 3245 stt
1600 3178 1681 3243 libro
1698 3176 1937 3261 deformatione
1944 3185 2061 3264 soeriis,
2086 3186 2167 3247 inter
2187 3186 2270 3249 reli·

759 3297 820 3341 nos
840 3272 968 3339 ducant.
1012 3268 1091 3349 Qro
1113 3266 1250 3328 nomine
1269 3281 1395 3329 anon.
1422 3282 1487 3327 tev-
1531 3286 1594 3352 qua
1610 3268 1675 3330 eius
1696 3286 1795 3352 opera
1814 3260 1931 3333 exstat?
1989 3268 2113 3336 Referre
2138 3266 2202 3335 huc
2230 3272 2270 3337 &

760 3380 856 3429 otor
865 3378 905 3424 ιι
913 3353 1066 3446 physcam
1077 3351 1220 3415 diuinam
1236 3348 1331 3435 supra
1343 3350 1409 3415 iam
1421 3350 1488 3416 lau·
1531 3349 1672 3420 eiusdem
1680 3350 1718 3418 de
1726 3350 1909 3439 paffionihsss
1920 3356 2044 3419 animae
2052 3356 2167 3422 librum
2176 3358 2270 3439 licet,

759 3446 920 3515 dauimua.
964 3432 1346 3507 Commemorandavero
1359 3437 1409 3502 vel
1419 3458 1487 3502 rna-
1555 3460 1629 3505 uem
1643 3442 1699 3524 qui
1715 3460 1775 3525 pro
1789 3441 1855 3507 eius
1868 3445 1995 3526 optimo
2020 3441 2149 3524 habent,
2177 3441 2271 3513 adse-

760 3537 846 3601 xime
860 3523 964 3597 adhuc
979 3524 1022 3593 est
1040 3526 1101 3592 viri
1124 3518 1284 3589 clarissimi
1305 3543 1356 3589 ro.
1379 3544 1443 3589 tter
1454 3544 1487 3589 o.
1531 3460 1586 3593 hu
1600 3524 2023 3613 quodampraepeditihaud
2035 3528 2129 3595 dubie
2145 3530 2270 3617 grauis·

762 3634 1026 3687 vvcuannret
1042 3611 1205 3677 delineatio
1209 3609 1491 3697 physcaediainae,
1536 3610 1899 3697 srmot,quosineodem
1917 3612 2054 3696 admisit,
2063 3638 2183 3682 errores
2194 3639 2270 3685 non

762 3730 845 3796 quae
861 3706 955 3770 lenae
970 3720 1056 3784 1720
1068 3696 1199 3785 prodiit,
1223 3698 1258 3765 &
1277 3718 1342 3783 qua
1362 3697 1491 3775 cunila,
1534 3700 1611 3787 pers
1627 3702 1741 3766 iciunts
1786 3702 1823 3766 Et
1837 3704 1872 3765 in
1888 3702 1953 3786 ipsa
1967 3723 2096 3787 quoque
2112 3702 2275 3771 dehomi-

764 3816 846 3883 quae
854 3792 916 3858 huc
929 3804 1114 3873 comparata
1122 3787 1205 3865 sunt,
1213 3786 1259 3851 ele
1282 3785 1492 3851 ·nter&ner·
1535 3808 1578 3853 ne
1593 3722 2181 3876 christina-cumcunstaexprincipiis
2195 3812 2267 3858 me·

763 3872 1111 3963 uoseconrplertusest,
1132 3892 1227 3959 atque
1270 3868 1491 3952 emonslrauit,
1535 3870 1676 3941 chameis
1697 3875 1853 3959 explicare
1878 3874 1992 3955 vellet,
2031 3874 2204 3964 falsamque
2225 3876 2272 3947 de

763 3990 873 4037 veram
890 3966 1078 4052 sapientiam
1091 3958 1156 4028 srne
1172 3980 1279 4027 retum
1294 3961 1492 4025 naturalium
1536 3976 1646 4027 mente
1662 3964 1832 4027 notionem
1846 3965 1958 4028 animo
1977 3965 2181 4051 concepisset,
2196 3988 2273 4033 non

763 4055 964 4127 adcuratacu
986 4054 1111 4117 nitione
1127 4048 1187 4116 else
1202 4068 1271 4113 non
1285 4047 1384 4132 posse.
1563 4064 1666 4115 oterat
1690 4069 1760 4114 non
1786 4052 1820 4113 in
1838 4052 1926 4114 varia
1953 4056 2140 4137 praecipitia
2162 4074 2275 4121 ruere.

850 4146 887 4179 ¹¹*
908 4074 995 4207 valli
1011 4138 1148 4204 ambitus
1164 4134 1224 4202 else
1240 4130 1382 4220 physices
1399 4129 1495 4199 studi·
1539 4070 1626 4202 haret
1641 4135 1729 4214 hine,
1748 4134 1826 4219 quid
1846 4135 1884 4202 de
1901 4137 1962 4201 illis
1976 4137 2178 4217 censendum,
2198 4143 2275 4225 qui,

766 4252 835 4307 um,
851 4220 1354 4315 praesertimstquisadspecialia
1369 4218 1494 4288 descen·
1539 4221 1651 4290 iisdem
1672 4225 1836 4309 principiis
1862 4220 2045 4303 insistentes,
2069 4226 2106 4291 de
2129 4224 2277 4297 homine

768 4313 842 4382 dere
861 4316 947 4393 velit,
960 4315 1081 4382 nemini
1091 4316 1241 4399 ignotum
1255 4308 1314 4375 else
1323 4304 1437 4395 potest,
1445 4310 1495 4373 ni-
1537 4309 1747 4395 scripserunt,
1769 4331 1911 4396 quorum
1933 4314 2107 4377 nonnullos
2126 4314 2275 4382 recenset

768 4399 791 4469 fi
811 4404 866 4486 qui
883 4422 1060 4487 numquam
1077 4396 1155 4465 illud
1175 4394 1339 4465 delibauit.
1384 4396 1494 4462 Pleris·
1538 4419 1655 4464 nvnc.
1672 4418 1815 4464 cortu.
1832 4418 2047 4480 srnvvrvs,
2069 4402 2104 4463 in
2124 4400 2274 4469 hihlioth.

791 4508 831 4553 ue
845 4484 920 4552 hine
937 4492 970 4552 in
983 4486 1229 4573 generalioribus
1247 4480 1312 4551 illis
1332 4479 1493 4551 subsisten-
1532 4484 1701 4571 philosoph.
1716 4506 1740 4551 c.
1760 4489 1799 4551 V.
1815 4493 1844 4566 §.
1862 4490 1901 4552 X.
1920 4505 1954 4571 p.
1975 4508 2022 4569 79.
2059 4488 2173 4573 quibus
2197 4510 2273 4556 non

767 4510 859 4654 hum,
872 4573 912 4640 de
926 4578 1039 4658 quibus
1052 4572 1205 4639 maenus
1218 4594 1237 4638 a
1253 4574 1347 4638 nobis
1360 4570 1494 4637 disiutn.
1536 4574 1793 4639 immorabimur.
1801 4574 1956 4658 Corporis
1970 4572 2104 4640 humani
2117 4578 2275 4643 notitiam

763 4663 877 4753 quue
889 4663 1000 4744 etiam,
1013 4682 1094 4748 quos
1109 4657 1323 4745 laudauinus,
1345 4658 1492 4731 authores
1537 4658 1784 4747 adctuatiorem,
1804 4664 1868 4731 eius
1883 4660 2073 4733 lhuiluram
2090 4659 2273 4819 describan-

2240 4774 2275 4833 ⁰2
