5259 5967
546 702 597 791 ’44
864 702 1003 793 munt
1026 698 1236 767 PRIORIS
1258 692 1433 763 cnlvr
1456 684 1751 759 SECVNDVM

558 845 643 911 vitae
673 863 867 927 morumque
902 842 1116 928 integritatem
1143 834 1292 903 fauebu-
1336 834 1504 927 additque:
1519 841 1649 922 sannae
1660 837 1795 902 enim
1807 840 1909 901 Deum
1920 830 2078 895 tollendae

559 934 689 1015 iemquc
710 929 877 1015 spediant,
897 947 932 994 vt
961 928 1114 992 omnium
1133 926 1294 991 virtunun
1329 924 1542 1011 stammam,
1561 948 1583 994 t.
1603 925 1680 993 Tim.
1696 926 1740 1005 11,
1754 932 1783 999 ἱ.
1826 919 1987 1008 Quomodo
1997 916 2077 998 fitn-

560 1017 745 1101 exemplum
758 1013 959 1081 auditoribus
972 1014 1034 1079 suis
1048 1012 1170 1098 praeite
1187 1024 1295 1097 queat.
1338 1012 1554 1101 &bicatum
1577 1012 1712 1081 nominis
1734 1010 1882 1089 domm,
1910 1006 1949 1079 ὅ
1971 1002 2078 1103 volen-

552 1104 637 1169 ·Hoc
648 1104 734 1167 enirn
749 1100 789 1166 ad
811 1099 954 1168 ecclcsiae
976 1097 1144 1167 doctorem
1166 1097 1296 1183 requiri,
1339 1100 1417 1166 tatis
1433 1103 1495 1166 Dei
1508 1101 1774 1185 adimpletionem,
1788 1112 1925 1181 expetere
1936 1090 2078 1178 precibus

563 1193 598 1256 δι
619 1189 710 1274 supra
732 1185 943 1269 ostendimus,
963 1189 997 1253 &
1015 1207 1063 1252 tes
1083 1185 1151 1271 ipsa
1164 1202 1297 1269 quoque
1337 1186 1653 1275 poffumus,finrmen
1666 1187 1783 1249 domini
1797 1183 1984 1269 ipfimetnon
2001 1179 2078 1274 sau-¹

562 1275 677 1349 doctts
693 1274 778 1339 cont'.
796 1298 817 1338 1.
829 1278 992 1351 Cvr.lt'l,t.
1015 1294 1036 1335 1.
1051 1276 1134 1336 Petr.
1144 1275 1181 1351 V,
1189 1292 1216 1334 ι.
1239 1270 1296 1349 At,
1342 1276 1477 1363 ligitare
1488 1300 1500 1357 ⁴,
1515 1275 1572 1359 fid
1586 1276 1782 1359 profiterere,
1812 1269 2000 1335 uolttntatrm
2020 1269 2079 1328 Det

587 1367 619 1428 ui
636 1358 789 1449 prolicere
799 1358 918 1445 potest,
936 1356 959 1426 st
976 1361 1095 1446 gratiae
1106 1359 1228 1423 viribus
1244 1354 1298 1422 de·
1342 1383 1403 1428 non
1414 1362 1597 1449 adimplere,
1606 1362 1662 1445 sed
1672 1358 1788 1425 violare
1797 1354 1978 1443 pergimus?
1987 1352 2079 1449 pared,

549 1384 708 1528 diturus,
731 1452 888 1514 vitiorum
908 1447 942 1514 dc
956 1466 1126 1532 prauamm
1141 1440 1297 1530 cupidita·
1342 1449 1435 1517 theol.
1449 1470 1474 1516 c.
1483 1452 1525 1514 11.
1533 1468 1567 1535 p.
1567 1454 1619 1531 56.
1641 1448 1743 1513 Mitto
1760 1446 1899 1532 reliqua,
1915 1434 2081 1529 quaeaddr

564 1555 637 1602 turn
650 1530 833 1623 grauiffimo
847 1530 952 1599 adhuc
967 1532 1298 1619 premituriugolDe·
1343 1534 1484 1625 pelleum
1502 1557 1577 1602 cum
1595 1534 1675 1603 haec
1690 1527 1854 1599 sufficiant.

565 1627 665 1710 nique
677 1642 736 1686 nec
758 1618 885 1701 media,
904 1641 1002 1706 quae,
1026 1616 1066 1685 ad
1085 1615 1182 1685 finem
1205 1613 1299 1683 studii
1430 1626 1474 1667 ⁸*
1495 1624 1584 1689 Patet
1607 1624 1731 1707 itaque,
1758 1640 1794 1685 ea
1808 1617 1859 1683 hic
1888 1619 1921 1681 in
1951 1611 2081 1679 censum

555 1710 742 1793 theologici
755 1705 988 1785 obtinendum,
1012 1702 1233 1771 commendari
1249 1704 1299 1769 so·
1343 1710 1451 1777 venioe
1466 1708 1551 1777 dona
1565 1708 1749 1794 spiritualia,
1762 1727 1844 1791 quae
1857 1700 1898 1770 ad
1911 1698 2007 1767 finem
2015 1696 2081 1765 stu.

566 1796 643 1874 lent,
653 1792 983 1881 ritevfurpatepotcst,
999 1788 1300 1878 quivetuschrillia·
1346 1795 1390 1864 dii
1406 1794 1599 1885 theologici,
1615 1797 1670 1881 qui
1686 1790 1740 1873 est,
1758 1810 1793 1857 vt
1807 1791 1897 1857 hom
1914 1790 1973 1855 Dei
1987 1784 2084 1881 iarum

567 1904 628 1949 nus
636 1904 707 1947 non
721 1878 773 1947 est.
791 1879 959 1947 interhaec
968 1883 1301 1968 enimprimtunprae-
1346 1881 1410 1965 fit,
1432 1893 1493 1957 πρὸς
1514 1888 1563 1942 eiu
1582 1882 1764 1954 lna-tydae
1787 1886 1972 1951 ιξηῃισμινοε,
1995 1872 2084 1936 obtr-

567 1973 765 2057 cipuumque
785 1971 895 2034 locum
915 1984 1002 2035 tenet
1018 1969 1143 2047 oratio,
1163 1981 1198 2032 vt
1213 1964 1301 2033 dein·
1348 1966 1510 2046 nendum,
1533 1966 1668 2042 faciunt;
1691 1964 1843 2049 aquibus
1864 1958 1946 2029 adeo
1970 1956 2084 2025 distin·

569 2052 862 2212 llllssll‘llt·
892 2054 1302 2209 ,Sllabmlllll
1347 2044 2084 2224 ldlullsllssldl‘laffiffnll‘a‘

569 2252 630 2297 nus
645 2249 766 2311 autem,
781 2232 837 2315 qui
853 2166 890 2296 ri)
903 2229 991 2314 ipsa,
1006 2189 1154 2315 vitaeque
1176 2226 1304 2294 sanciae
1347 2170 1400 2299 Is'eu
1412 2232 1547 2316 quibus,
1560 2250 1624 2314 qua
1640 2175 2086 2325 intelledum’quavolunta:

558 2314 693 2395 studio,
716 2318 747 2381 sc
760 2337 829 2383 non
844 2313 1057 2397 demonstrat,
1082 2336 1141 2380 nec
1153 2335 1228 2382 vera
1241 2309 1304 2380 fide
1348 2338 1413 2386 tem
1429 2320 1462 2381 in
1475 2338 1515 2381 eo
1530 2313 1733 2399 perfediionis
1747 2309 1857 2398 gradu,
1871 2309 1944 2378 illos
1964 2300 2086 2372 conde·

562 2401 732 2493 praeditus
745 2400 898 2484 else,dici
919 2400 1030 2489 poteli.
1075 2401 1173 2471 Recte
1191 2403 1303 2467 beatus
1338 2412 1473 2471 ‘coratos
1488 2400 1593 2482 decet,
1608 2402 1662 2487 qui
1680 2399 1910 2487 theologorum
1926 2396 2005 2461 tueri
2019 2412 2086 2489 κιο-Ι

558 2512 594 2559 ·a
604 2510 662 2557 nn.
677 2510 726 2556 cn
736 2510 755 2557 t
765 2512 902 2558 ovtvs:
925 2510 994 2555 cum
1002 2490 1145 2574 precibus
1154 2490 1219 2573 piis
1233 2508 1303 2551 con·
1347 2512 1435 2571 men,
1450 2509 1646 2574 munereque
1660 2486 1791 2572 publico
1807 2488 1841 2551 in
1855 2479 1981 2553 ecuefia
1993 2477 2088 2565 funssl

557 2575 903 2664 'lanciumtffeoporter
914 2598 1004 2645 serae
1010 2577 1140 2662 pietatis
1148 2573 1304 2662 studium
1349 2579 1496 2666 cupiunt,
1512 2574 1551 2643 de
1564 2577 1678 2662 quibus
1691 2578 1755 2640 at.
1773 2570 1907 2641 diuum

558 2700 563 2707 '
678 2710 707 2783 s.
722 2696 806 2773 XV.
820 2691 1018 2799 Dispositio
1032 2692 1155 2793 itaque
1177 2693 1356 2792 quaedam
1369 2693 1564 2799 ,spiritualis
1582 2693 1626 2769 ad
1646 2693 1806 2771 studium
1827 2692 1958 2769 theolo
1982 2688 2087 2766 'cum

572 2793 823 2877 hincoritur;
849 2816 942 2902 quae
955 2790 1412 2884 tumintuituintelledlus,
1439 2792 1704 2893 donorumque
1722 2791 1764 2867 ad
1786 2816 1872 2869 cum
1893 2789 1953 2893 spe
1989 2786 2089 2863 anti·

573 2914 657 2982 um,
680 2910 762 2965 tum
775 2890 915 2965 inuntu
926 2887 1120 2964 voluntatis
1134 2887 1353 2966 considerari
1365 2892 1494 2995 potest.
1546 2892 1688 2967 lntuitu
1761 2890 1857 2966 'dem
1872 2885 2091 2979 intellectus,

557 2986 666 3063 dum
681 2987 730 3062 ita
748 3009 978 3089 comparatus
993 2986 1062 3078 est,
1086 3007 1130 3061 ut
1143 2985 1184 3060 in
1198 3011 1282 3062 vera
1293 2988 1382 3082 Dei,
1408 3013 1606 3090 rerumque
1622 2917 1846 3162 dimfidium,
1856 2984 2092 3090 cognitione,

574 3081 823 3197 sapientiaque
836 3084 971 3177 diuina,
983 3082 1167 3188 proficere
1184 3085 1302 3163 indies
1344 3085 1449 3174 ollit3
1477 3086 1576 3164 conf.
1594 3090 1673 3163 Luc.
1728 3111 1801 3178 ,μ
1826 3114 1857 3163 2.
1875 3088 1946 3163 Pet.
1962 3085 2025 3176 111,
2039 3099 2089 3171 ιε.

577 3190 594 3225 ⁸
619 3184 758 3261 antuitu
774 3204 896 3260 autem
910 3180 1124 3274 voluntatis,
1151 3180 1240 3259 dum
1254 3183 1296 3261 in
1315 3113 1533 3278 iandiitatis,
1559 3186 1803 3287 omniumque
1818 3186 2013 3275 virtutum,
2028 3204 2091 3259 ea·

577 3292 663 3357 mm
678 3281 855 3371 maxime,
879 3304 973 3380 quae
987 3280 1142 3356 iuuenes
1158 3279 1312 3376 decent,
1339 3281 1517 3386 sunulque
1530 3282 1736 3387 progreffus
1750 3308 1901 3375 eorum,
1914 3282 2093 3358 interum

575 3368 755 3454 sacratum
821 3376 933 3453 nuina
949 3376 987 3453 ἃ
1001 3374 1140 3454 salutari
1156 3378 1394 3474 undatione,
1446 3403 1674 3474 romouent,
1704 3380 1851 3483 fludio,
1877 3376 2094 3481 theologiae

561 3473 700 3579 qultor
714 3499 776 3549 cre
792 3498 875 3551 cere
895 3473 1088 3568 adnititur,
1108 3474 1246 3553 summa
1266 3500 1397 3557 oontra
1418 3409 1606 3595 dib'gentia
1627 3478 1740 3580 fugit,
1765 3506 1859 3583 quae
1879 3480 2096 3563 incremen-

563 3571 761 3657 ,tumistud
774 3570 995 3677 impediunt,
1009 3594 1070 3650 aut
1083 3599 1102 3649 a
1114 3572 1189 3652 line
1201 3575 1310 3653 studii
1324 3577 1526 3679 theologici
1541 3603 1626 3655 eum
1640 3578 1786 3677 longius
1800 3598 2006 3655 remouens.
2018 3578 2062 3651 ,·.·

664 3708 681 3744 *
701 3706 799 3775 Dona
812 3707 922 3792 itaque
934 3702 992 3770 ista
1004 3704 1180 3783 naturalia,
1193 3700 1232 3771 de
1238 3708 1310 3789 qui·
1353 3704 1472 3789 stram,
1494 3728 1592 3793 quam
1605 3704 1726 3797 ingredi
1738 3706 1920 3791 debeamus,
1929 3728 1971 3776 nc
1985 3704 2093 3796 spera-

578 3795 639 3862 bus
660 3792 752 3881 supra
777 3794 916 3880 egimm,
941 3792 1061 3876 ingenii
1089 3787 1309 3872 foecunditas,
1353 3810 1391 3860 to
1405 3790 1584 3861 excidamus
1602 3790 1675 3862 line.
2058 3874 2060 3879 ,

579 3880 691 3949 iudicii
706 3900 860 3961 acumen,
880 3878 1057 3945 memoriae
1069 3875 1220 3958 felicitas,
1241 3899 1311 3945 non
1440 3880 1478 3918 '¹‘
1499 3880 1685 3948 Voluntatis
1700 3884 1797 3949 etiam
1817 3884 2024 3951 rationemin
2037 3879 2094 3965 iis,

578 3964 759 4049 sufficiunt,
775 3962 835 4032 nist
854 3965 909 4031 lux
929 3960 1087 4051 quaedam
1106 3959 1240 4046 diuina,
1263 3982 1311 4033 te·
1355 3968 1411 4053 qui
1427 3964 1532 4035 studio
1546 3966 1778 4057 theologicose
1798 3966 2013 4053 addixerunt,
2032 3966 2093 4035 ba-

579 4057 703 4137 nebras,
718 4054 870 4120 omnibus
882 4068 1055 4132 connatas,
1079 4050 1254 4136 expellens,
1278 4052 1313 4119 &
1356 4051 1514 4137 bendam,
1528 4056 1561 4123 &
1576 4076 1623 4122 res
1644 4059 1760 4122 iterum
1780 4054 1896 4141 docet,
1915 4060 1949 4127 ἀ
1965 4076 2094 4139 omncs,

563 4154 570 4181 ⁵
580 4138 732 4222 sapientia
748 4137 961 4222 diredirix,in
975 4138 1152 4203 litteratum
1173 4141 1312 4223 cumpri-
1380 4143 1413 4205 ui
1436 4140 1494 4207 bac
1517 4139 1608 4209 dere
1629 4146 1847 4230 praecipiunt,
1870 4166 1989 4232 magno
2010 4165 2095 4211 con-

580 4227 643 4291 mis
658 4222 765 4291 studiis
780 4227 906 4311 prorsus
918 4220 1163 4307 necessariam
1180 4245 1313 4312 vtraque
1357 4162 1443 4294 iensu
1466 4229 1655 4315 agnoscunt.
1675 4250 1764 4297 tvo.
1786 4252 1930 4299 ntitas
1949 4252 2096 4313 uteris,

564 4313 679 4379 nouis
692 4308 794 4378 indies
807 4310 951 4399 augenda
972 4311 1201 4395 incrementis,
1224 4334 1313 4379 acce·
1356 4335 1454 4400 quem
1465 4334 1560 4381 antea
1575 4318 1639 4381 iam
1651 4313 1918 4402 laudauimus,de
1928 4319 2009 4403 dispo
2046 4320 2096 4383 io-

582 4394 650 4465 bt.
694 4400 783 4462 Dum
800 4418 878 4464 vero
898 4402 945 4465 ita
964 4396 1006 4465 ad
1027 4401 1192 4485 utriusque
1208 4400 1311 4467 incre·
1357 4401 1466 4483 nibus,
1481 4402 1667 4489 adstudium
1678 4402 1896 4494 theologicum,
1910 4426 1981 4472 nece
2000 4405 2096 4487 ariis,

581 4501 730 4554 mentum
745 4480 915 4565 tendimus,
928 4502 1062 4574 utraque
1075 4482 1308 4553 statimvimsu-
1355 4488 1451 4555 verba
1467 4487 1602 4572 fidon,
1625 4512 1675 4559 eas
1691 4496 1833 4578 primum
1846 4488 2040 4581 quidcmini
2052 4495 2096 4578 sa

566 4580 637 4639 'arn
651 4571 773 4650 exserit,
786 4568 873 4637 dona
879 4574 1038 4671 naturalia
1053 4576 1309 4661 ritetemperans,
1351 4574 1498 4647 indole&
1503 4576 1641 4665 ingenie,
1655 4595 1810 4647 tumvero
1819 4582 1895 4649 &in
1907 4582 2013 4661 corde,
2026 4512 2096 4651 line

578 4658 788 4752 dirigensque,
803 4659 839 4730 u
854 4678 943 4726 stam
957 4657 1204 4745 quodammodo
1211 4682 1307 4732 mon·
1352 4664 1461 4732 intimo
1468 4667 1597 4753 mentri,
1611 4665 1808 4755 quaerendas
1815 4713 1827 4750 ‚
1842 4667 1927 4755 tede
1945 4689 2093 4768 pronun-

2018 4772 2093 4827 tut.
