5259 5967
775 718 841 791 DE
875 718 1182 790 THEOLOGIA
1204 718 1521 800 stmnoulcn.
1841 748 1909 817 439

390 864 474 947 Qun
483 862 522 928 in
535 858 620 927 libro
628 857 743 923 austor
759 855 885 938 cunda,
902 854 943 923 ad
958 854 1126 925 historiam
1170 854 1305 924 Constat
1321 855 1480 945 equidem,
1505 861 1540 928 dc
1563 860 1656 947 supra
1676 881 1807 951 quoque
1829 828 1902 930 nid

388 948 524 1037 triplicis
538 942 633 1013 huius
652 942 811 1010 formulae
829 942 1022 1029 spodiantia,
1055 941 1126 1012 dili·
1168 946 1308 1025 nuimus,
1327 946 1474 1012 articulos
1490 948 1706 1014 Smalcaldicos
1721 970 1798 1018 eum
1812 954 1847 1017 in
1861 948 1899 1019 fi-

387 1051 503 1194 ἕηκε
521 1030 711 1117 exsequitur,
730 1033 833 1095 immo
855 1050 914 1098 tres
933 1030 1012 1117 ipsas
1037 1028 1129 1098 hasce
1172 1054 1247 1099 nem
1268 1034 1500 1117 concinnatos,
1521 1036 1555 1103 dt
1575 1032 1789 1122 adprobatus,
1816 1056 1852 1105 vt
1863 1040 1901 1105 in
1939 1092 1942 1103 .

427 1118 548 1195 imulas
561 1118 682 1186 recusas
699 1115 878 1197 exhibet,&
892 1115 1057 1187 occasione
1066 1138 1127 1183 ter·
1174 1120 1318 1187 concilio
1334 1121 1576 1200 exhiberentur;
1604 1122 1690 1191 vnde
1710 1126 1818 1191 mirari
1839 1126 1899 1190 ali·

389 1212 457 1279 tiae
472 1207 592 1275 bellum
604 1200 686 1273 illud
697 1202 979 1291 adiaphorillicum
998 1207 1126 1273 summo
1171 1209 1241 1293 quis
1257 1208 1367 1293 posset,
1383 1228 1441 1276 cur
1455 1207 1502 1276 illi
1517 1232 1559 1276 eo
1580 1230 1725 1296 tempore
1748 1232 1815 1278 non
1838 1209 1900 1279 sint

389 1292 500 1369 studio
514 1308 651 1374 enarrat,
666 1314 693 1359 c.
708 1296 767 1358 III.
778 1310 812 1377 p.
834 1313 891 1377 15²·
903 1295 989 1379 seqq.
1019 1290 1071 1362 sed
1093 1295 1127 1363 δι
1170 1291 1329 1361 adhibiti?
1353 1296 1454 1363 Cuius
1469 1298 1512 1364 rei
1526 1295 1581 1365 etsi
1592 1300 1697 1365 variae
1707 1298 1788 1366 forte
1803 1318 1898 1365 exco-

388 1384 549 1471 seriptain
562 1378 622 1449 hac
635 1378 738 1448 caussa
746 1378 832 1450 edita
845 1382 955 1448 recitat
967 1383 1126 1463 §.XXW
1170 1384 1263 1471 gitari
1276 1385 1418 1450 tationes
1438 1404 1556 1470 queant
1562 1407 1574 1464 ,·
1596 1382 1774 1453 admodum
1787 1403 1897 1453 tamen

384 1470 579 1561 p.tpt.stqq.
1168 1465 1349 1538 verosimile
1361 1468 1495 1551 videtur,
1510 1468 1599 1558 quod
1614 1468 1748 1541 minillri
1772 1474 1807 1541 ὅ(
1828 1468 1898 1539 the·

499 1548 1125 1644 Nonptaetermittendaquoquehieest
1168 1555 1258 1643 ologi
1283 1556 1429 1626 aectoris
1457 1560 1614 1627 saxoniae
1635 1554 1901 1643 existimauerim,v

389 1644 524 1729 repetita
533 1641 873 1745 Augustamtnfeffit,
903 1664 985 1729 quae
1005 1644 1038 1709 dc
1052 1665 1123 1709 con·
1167 1643 1248 1725 fore,
1263 1662 1298 1710 tt
1309 1662 1415 1731 patres
1435 1648 1567 1713 concilii
1587 1645 1766 1714 Tridentini
1785 1644 1896 1713 durio·

380 1734 424 1821 se
496 1730 656 1799 delirante
688 1729 874 1815 trtltficrcm
898 1733 1124 1797 Saxonicamm
1166 1734 1252 1799 ribus
1267 1729 1461 1819 quibusdam
1475 1734 1717 1819 loquutionibus
1740 1734 1774 1801 dc
1795 1732 1897 1800 nimia

389 1816 580 1905 apellatur.
644 1818 813 1885 Nimirum
839 1838 915 1885 cum
937 1818 1074 1885 Carolus
1100 1838 1122 1883 v
1165 1819 1333 1887 acerbitate
1352 1822 1387 1885 in
1401 1840 1574 1885 romanum
1593 1814 1793 1906 pontificem,
1816 1837 1899 1905 quae

389 1904 570 2007 insperatos
613 1904 789 1991 etspiceret,
803 1904 1053 1992 per.formulam
1075 1905 1125 1970 itt·
1166 1908 1202 1975 in
1213 1905 1356 1971 articulis
1369 1904 1434 1973 istis
1447 1907 1653 1993 conspicitur,
1669 1902 1774 1973 statim
1790 1909 1835 1975 ita
1849 1902 1899 1971 of·

391 2010 485 2061 term
504 1985 574 2060 diist
598 1995 646 2073 a,
683 1996 766 2059 circa
785 1994 975 2079 religionem
1000 2008 1123 2073 exorta,
1166 1990 1379 2072 senderentur,
1393 2010 1430 2058 vt
1450 1994 1531 2060 nulli
1551 1994 1687 2081 amplius
1713 1992 1900 2061 consultati·

390 2079 551 2167 componi
564 2100 636 2145 non
648 2078 746 2165 posse,
760 2100 956 2166 omnemque
974 2077 1033 2147 ltac
1046 2084 1124 2147 inre
1166 2082 1226 2147 oni
1235 2079 1402 2168 superesset
1414 2080 1518 2147 loeus.
1560 2082 1805 2148 Anutnrrco
1818 2098 1898 2169 ergo

391 2170 522 2237 irritum
534 2164 627 2233 fuisse
637 2168 800 2248 laborem,
823 2163 865 2233 ad
880 2168 1055 2234 concilium
1065 2169 1122 2233 ite·
1165 2187 1521 2235 nntcucnruous
1549 2189 1624 2235 cum
1646 2168 1726 2233 iussu
1747 2167 1894 2236 eledloris

391 2274 467 2325 tum
480 2256 628 2321 aruncum
640 2251 765 2323 adiecit.
808 2254 878 2319 lam
890 2250 1038 2339 equidem
1051 2254 1123 2322 Tri·
1164 2256 1294 2339 repetita
1304 2252 1485 2343 Argustana
1501 2252 1632 2341 crnftfflo
1654 2256 1767 2323 litteris
1789 2249 1892 2320 conli-

391 2338 483 2411 denti
496 2363 548 2409 an.
559 2359 641 2425 1545
655 2343 829 2407 concilium
839 2336 1030 2407 inchoatum
1044 2360 1122 2422 erat,
1164 2358 1263 2429 gnata
1279 2340 1365 2422 esset,
1380 2338 1420 2408 ad
1435 2342 1575 2428 reliquos
1597 2339 1768 2428 theologos
1793 2344 1893 2407 Saxo·

389 2426 455 2585 se&
472 2427 607 2495 subinde
626 2431 852 2515 interruptum,
877 2426 1024 2515 languide
1046 2449 1123 2514 pto·
1164 2432 1255 2496 nicos
1269 2426 1378 2511 missa,
1403 2432 1438 2497 dc
1457 2430 1601 2495 vnanimi
1619 2427 1774 2495 consensu
1793 2426 1834 2492 ab
1854 2426 1894 2491 iis

391 2538 411 2583 e
453 2516 535 2583 ebat.
603 2516 744 2602 Vrgente
766 2534 892 2595 autem,
925 2535 1123 2601 omnemque
1164 2512 1341 2602 adprobata
1361 2512 1425 2595 est,
1451 2530 1564 2602 vtpote
1584 2534 1666 2601 quae
1689 2506 1895 2600 augustanae

389 2620 548 2672 mouente
562 2599 703 2687 lapidem
723 2606 928 2685 imperatore,
948 2598 1120 2671 rellauran·
1164 2594 1354 2670 conleffioni
1369 2600 1494 2687 prorsus
1508 2600 1730 2682 consentanea,
1751 2616 1896 2668 mentem

344 2768 349 2773 ,
391 2688 681 2772 dumerat1551;
711 2689 934 2774 inuitabatque
956 2687 1041 2755 idem
1061 2692 1123 2757 itn·
1164 2686 1420 2779 sententiamque
1433 2686 1576 2757 ecclesiae
1597 2686 1796 2758 Lutheraaae
1810 2684 1897 2755 reste

390 2794 524 2866 perator
534 2775 630 2843 status
644 2772 863 2863 protestantes,
876 2795 911 2840 vt
929 2774 1023 2860 &ipfi
1039 2777 1124 2862 lega·
1166 2779 1366 2862 exprimeret.
1410 2776 1450 2842 Et
1461 2776 1638 2865 agnoscunt
1653 2795 1783 2864 quoque
1795 2769 1896 2843 hodie

392 2884 447 2931 tos
457 2885 496 2930 ae
509 2860 680 2949 theologos
692 2864 766 2931 suos
778 2858 819 2927 ad
841 2864 1018 2928 concilium
1038 2859 1122 2931 illud
1164 2860 1338 2945 viridudii,
1357 2859 1508 2948 scriptum
1521 2862 1586 2929 hoc
1608 2864 1668 2930 elle
1689 2864 1785 2950 plane
1807 2881 1895 2947 egre·

391 2952 570 3031 mitterent,
591 2952 625 3017 dc
647 2973 684 3019 ea
702 2951 831 3016 ratione
851 2968 964 3035 pacem
983 2970 1020 3016 ac
1042 2970 1121 3017 con·
1185 2951 1264 3031 ium,
1279 2953 1313 3015 in
1328 2970 1395 3035 quo
1403 2946 1656 3016 nihildestderari
1664 2965 1769 3036 queat,
1778 2942 1897 3035 dignis-

336 3044 338 3051 '
392 3034 540 3109 cordiam
555 3034 993 3123 inecclestasspromouerent.
1037 3038 1121 3105 Eum
1164 2970 1354 3122 limumque,
1369 3034 1458 3122 quod
1473 3037 1556 3101 inter
1569 3036 1667 3101 libros
1683 3038 1780 3101 totius
1793 3032 1904 3101 eccle·-

392 3120 542 3195 insinem
559 3126 667 3209 itaque
688 3124 862 3192 Mauritius
882 3122 1003 3191 eledior
1023 3128 1121 3193 Saxo·
1164 3122 1225 3193 siae
1248 3121 1452 3191 Lutheranae
1480 3121 1676 3210 symbolicos
1706 3122 1894 3209 recipiatur;

394 3214 470 3281 niae
485 3232 595 3285 tntu.
619 3232 703 3278 nst
713 3230 967 3279 suencuottt
991 3209 1123 3278 manda·
1165 3208 1254 3299 quod
1267 3229 1322 3276 cur
1337 3208 1456 3279 fadlum
1474 3230 1546 3276 uon
1559 3206 1608 3291 stt,
1622 3230 1716 3276 curve
1729 3212 1795 3277 eius
1818 3208 1894 3273 loco

391 3302 461 3379 uit,
496 3317 533 3363 vt
560 3292 788 3365 conseffionem
815 3293 989 3384 quamdam
1011 3300 1122 3365 litteris
1165 3298 1289 3365 articuli
1305 3292 1503 3363 Smalcaldici
1518 3299 1601 3364 inter
1623 3298 1720 3363 libros
1740 3290 1894 3384 symboli·

391 3382 601 3473 confignaret,
617 3406 698 3471 quae
712 3386 845 3450 nomine
860 3384 1006 3451 elediotis
1024 3389 1058 3453 ὅ(
1072 3405 1122 3449 ec·
1166 3408 1220 3451 cos
1235 3380 1329 3471 positi
1343 3382 1415 3463 sint,
1432 3381 1568 3469 disputat
1581 3406 1631 3451 ro.
1649 3404 1723 3451 neu
1733 3406 1751 3449 n
1761 3407 1793 3449 n.
1811 3398 1895 3447 crn-

357 3494 360 3500 '
391 3469 560 3545 elestarum
579 3472 866 3553 Saxonicarumssin
889 3472 1030 3536 concilio
1051 3472 1122 3535 Tri·
1166 3491 1307 3549 nzovrvs,
1322 3473 1357 3535 in
1370 3473 1486 3556 istagogc
1499 3472 1532 3534 in
1552 3471 1645 3534 libros
1658 3470 1847 3555 symbolicos.
1859 3484 1894 3551 p.

343 3560 348 3569 “
391 3558 529 3628 dentino
551 3556 691 3625 exhiberi
713 3556 832 3642 pollet,
861 3552 950 3642 quod
973 3560 1007 3623 &
1028 3555 1121 3623 Chri·
1165 3579 1239 3641 1140.
1246 3559 1331 3643 stqq.
1374 3558 1563 3641 Aplutimis
1581 3554 1709 3622 tandem
1733 3553 1894 3639 theologis

390 3644 566 3733 stophorus
580 3642 646 3710 dux
658 3644 975 3730 Wurtembergicus,
1005 3645 1121 3729 aliique
1165 3647 1297 3729 aliisque
1309 3639 1355 3710 est
1376 3640 1608 3727 adprobatum,
1646 3644 1679 3710 de
1692 3646 1776 3709 inter
1796 3660 1894 3727 quos·

390 3730 544 3802 fecerunt.
587 3728 685 3813 Quod
701 3732 860 3816 principes
881 3726 1122 3815 statusqnepro·
1165 3730 1240 3797 dam
1260 3730 1360 3795 libros
1383 3728 1574 3816 symbolicos
1591 3730 1791 3813 particulares
1810 3726 1896 3794 rec'e·

390 3816 543 3891 testantes
557 3815 596 3885 de
610 3817 748 3883 formula
762 3815 1121 3902 quadamconiundiim,
1164 3837 1269 3903 ptum,
1286 3813 1560 3903 quemadmodum
1583 3819 1617 3885 δι
1638 3819 1672 3883 ἰη
1694 3834 1820 3899 corpore
1839 3812 1896 3878 do·

390 3909 605 3991 omniumque
617 3908 750 3970 nomine
769 3901 942 3983 offerenda,
963 3925 1032 3969 non
1055 3902 1120 3969 sue·
1164 3904 1284 3971 sicinae
1308 3922 1419 3971 anic.
1452 3921 1817 3970 mnnaucnrnouts
1840 3918 1894 3965 ex·

390 3996 457 4061 tint
472 3993 617 4074 solliciti,
637 3990 710 4057 ideo
730 3989 851 4056 sudium
870 3988 1012 4070 videtur,
1031 3985 1121 4076 quod
1164 3988 1232 4056 liat.
1248 4010 1333 4055 num.
1349 3992 1406 4056 111.
1417 4007 1452 4074 p.
1469 4010 1510 4054 m.
1526 3992 1679 4075 22,².stqq.
1692 3990 1748 4056 vbi
1762 3989 1893 4056 &circa

389 4081 580 4168 imperatori
598 4079 721 4144 nullam
742 4099 875 4145 mouere
893 4078 1053 4145 voluerint
1072 4077 1121 4141 su·
1164 4072 1302 4162 finemp.
1315 4078 1473 4162 278.ftqq.
1493 4073 1741 4162 adprobationes
1763 4072 1894 4142 theolo·
1953 4104 1955 4109 v

388 4168 579 4255 spicionem,
593 4188 630 4232 ac
644 4163 667 4231 si
681 4164 720 4231 de
734 4186 825 4230 nouo
839 4162 982 4250 quodam
995 4162 1122 4230 foedere
1163 4183 1279 4251 gotum
1292 4207 1305 4246 ,
1334 4165 1591 4251 integrarumque
1624 4158 1823 4231 ecclesiarum
1848 4161 1895 4227 le·

388 4252 519 4323 interse
534 4250 677 4339 ineundo
694 4255 880 4337 cogitarent.
936 4252 1121 4317 Consultius
1164 4256 1293 4338 guntur.
1336 4268 1552 4341 uarrnpts
1567 4248 1715 4337 equidem
1737 4264 1893 4317 tuncn-

391 4345 501 4427 itaque
515 4340 628 4407 visum,
649 4358 684 4405 vt
704 4338 816 4423 finguli
830 4335 925 4405 status
944 4342 1121 4424 principes·
1163 4360 1207 4405 vs
1219 4338 1324 4405 hocce
1338 4337 1598 4424 etiamscriptum
1618 4334 1798 4417 adlatrauit,
1821 4352 1892 4401 non

391 4421 752 4515 queconfessionessun
768 4419 1120 4510 cotnpunercnttquod
1165 4427 1260 4491 aliam
1273 4424 1487 4506 obcaulsam,
1507 4446 1604 4511 quam
1647 4421 1714 4491 uod
1735 4447 1754 4490 a
1774 4440 1893 4491 title.

390 4517 467 4585 &a
514 4512 682 4581 uibusdam
710 4512 847 4587 titium
882 4534 963 4596 quae
989 4510 1120 4598 quidem
1162 4510 1622 4599 nnnaucrtrnottnprofe
1678 4510 1818 4585 messem
1840 4502 1895 4574 sed

386 4601 484 4673 conse
511 4622 601 4672 lones
624 4603 657 4667 in
672 4622 730 4679 eo,
773 4596 862 4682 quod
881 4618 977 4685 caput
997 4596 1118 4667 caussae
1164 4620 1238 4665 cum
1254 4614 1460 4666 momentum
1472 4618 1542 4669 non
1556 4597 1728 4681 trahereut,
1741 4616 1823 4685 quae
1843 4615 1895 4661 rea
1928 4600 1937 4623 ²

382 4708 483 4773 erat,
522 4687 667 4757 intetse
704 4686 832 4779 prorsus
867 4686 1118 4775 consentiebant.
1162 4682 1392 4775 prehendere,
1424 4686 1607 4763 incensum
1625 4708 1697 4769 uon
1722 4698 1894 4841 venepam

1633 4784 1637 4793 ·
1855 4786 1892 4833 u·
