5259 5967
326 371 2115 532 m

1194 515 1201 530 Ι

384 550 389 561 Ι
1108 565 1112 571 .
1327 542 1329 547 .

552 910 620 977 740
837 888 976 957 LIBRI
996 886 1339 957 Posrfinlouls
1366 886 1533 955 calvi
1564 890 1820 973 Qvlrlrvm

553 1052 590 1105 vt
601 1032 791 1105 docentibus
805 1036 890 1122 plus,
906 1034 1154 1105 &auditoribus
1169 1039 1290 1119 minus,
1335 1040 1412 1107 loto
1430 1038 1571 1115 haberee
1603 1039 1792 1124 clericisque
1808 1032 1894 1103 adeo
1918 1031 2067 1123 insignem

553 1146 654 1213 quam
673 1121 779 1203 decet,
797 1126 964 1192 tribuatur.
1020 1127 1070 1191 De
1083 1121 1289 1207 docentibus,
1360 1123 1509 1195 uamdam
1525 1134 1612 1197 lesan
1626 1148 1662 1192 ac
1700 1127 1943 1210 caerogatiuam
1961 1142 2067 1189 conce·

553 1232 732 1298 eorumque
752 1209 881 1279 diuersis
898 1210 1066 1280 ordinibus
1081 1212 1223 1296 vsurpari
1239 1212 1290 1278 so·
1335 1148 1422 1297 dere,
1439 1235 1474 1279 ac
1489 1210 1510 1279 li
1524 1213 1582 1280 soli
1595 1210 1643 1279 illi
1675 1231 1724 1279 int
1742 1211 1848 1280 veluti
1860 1212 1931 1293 fars
1943 1212 1977 1278 dt
1992 1208 2068 1275 herr-

553 1301 599 1368 let
613 1320 679 1366 vox
692 1298 870 1367 hierarchia
883 1324 895 1381 ,·
919 1303 1026 1367 minus
1040 1298 1187 1387 profesto
1200 1320 1291 1365 com·
1334 1304 1429 1385 dicas,
1447 1302 1649 1389 populusque
1658 1302 1717 1367 Dei
1727 1298 1900 1387 peculiaris
1910 1318 2006 1383 atque
2016 1300 2070 1362 elt-

554 1385 673 1465 mode3
693 1382 848 1475 siquidem
868 1389 1041 1474 imperium
1059 1384 1191 1475 aliquod
1206 1391 1290 1454 circa
1336 1390 1415 1457 dius.
1472 1384 1533 1455 Sed
1549 1384 1607 1455 hac
1622 1384 1754 1473 quidem
1775 1388 1908 1451 ratione
1924 1382 1948 1452 sr
1964 1382 2069 1450 dillin-

554 1497 604 1543 res
621 1476 722 1543 sacras
737 1473 887 1551 denotat3
909 1496 975 1563 quo
992 1494 1102 1543 tamen
1116 1497 1185 1541 non
1200 1476 1291 1541 verbi
1337 1478 1403 1545 clio
1415 1473 1473 1543 ista
1492 1477 1654 1562 capiatur3
1675 1472 1830 1539 falluntur
1846 1476 2071 1557 maximopere,

554 1562 660 1631 diuini
674 1560 849 1644 ministros,
864 1562 917 1631 sed
930 1562 1072 1630 lirmmos
1088 1581 1217 1629 tantum
1232 1564 1293 1627 im·
1360 1568 1483 1643 uieam,
1493 1559 1738 1650 siuequavoces,
1749 1556 1814 1627 siue
1824 1580 1891 1645 qua
1903 1579 1971 1627 rem
1981 1557 2071 1647 ipsam

556 1668 704 1739 perantes
718 1649 866 1738 gaudere,
881 1648 1016 1733 constat,
1027 1653 1063 1718 &
1076 1670 1171 1716 antea
1180 1647 1292 1715 docui·
1336 1586 1357 1719 s
1373 1650 1522 1730 celatam,
1535 1652 1570 1716 in
1583 1649 1732 1735 scriptura
1745 1646 1833 1713 sacra
1851 1648 2011 1727 inuenire,
2023 1662 2071 1711 aut

554 1760 639 1806 mus.
683 1738 772 1804 Hinc
786 1740 822 1807 dc
834 1760 908 1805 cum
922 1742 956 1804 in
971 1738 1118 1805 concilio
1131 1734 1293 1803 Tridenti·
1336 1676 1376 1805 ah
1386 1732 1457 1821 ipsis
1471 1734 1624 1823 apostolis
1639 1736 1669 1803 se
1684 1754 1825 1823 repetere
1839 1736 2002 1821 originem
2011 1728 2072 1818 pos·

556 1848 604 1892 mo
618 1824 829 1892 anathematis
850 1824 972 1893 fulmen
984 1828 1020 1891 in
1036 1844 1093 1890 eos
1104 1824 1292 1902 vibi-aretur,
1336 1820 1454 1905 se,srbi
1489 1820 1667 1892 ersuadent.
1727 1824 1772 1889 At
1785 1820 1960 1908 persuadet
1973 1836 2071 1888 tamen

555 1918 612 1999 qui
627 1911 744 1981 didiuri
760 1913 875 1993 essent,
891 1914 925 1976 in
937 1910 1053 1997 rcchfia
1066 1908 1216 1977 catholica
1230 1930 1292 1973 non
1337 1908 1392 1980 fibi
1410 1845 1486 1996 pud
1508 1932 1624 1979 cars.
1649 1928 1897 1987 sasouivra,
1921 1910 2071 1993 aliosque,

554 2000 608 2085 effe
625 2000 855 2077 hierarchiam,
874 2000 984 2065 hicccha
997 1997 1193 2063 ordinatione
1209 1994 1293 2084 insti·
1338 2019 1455 2067 rrrrs.
1470 2018 1522 2065 ur.
1536 2019 1563 2064 ra
1573 2020 1594 2065 n
1604 2020 1625 2067 u
1636 2019 1684 2064 ca
1694 2043 1703 2077 ,
1715 2000 1752 2063 in
1758 1995 2071 2083 differtationededit·

555 2103 668 2165 turam,
683 2106 763 2172 quac
775 2084 885 2173 constet
899 2107 937 2150 ex
951 2086 1101 2171 cpr'scopis,
1116 2084 1155 2155 θ’
1167 2084 1296 2170 preshy-
1338 2086 1467 2154 crimine
1483 2086 1661 2152 clericorum
1677 2087 1716 2157 θ’
1724 2086 1890 2166 laicorum,
1905 2104 1989 2169 quae
2000 2086 2074 2149 inter

556 2174 641 2255 teris,
657 2172 1007 2260 &cninhiriqfuerunq
1017 2169 1295 2258 quibusvoxbier-
1339 2170 1585 2256 dissertationes,
1601 2176 1691 2258 operi
1710 2176 1779 2239 eius
1797 2172 1837 2237 de
1852 2172 2016 2236 concordia
2026 2170 2072 2251 h-

556 2260 670 2328 archia
689 2258 869 2327 admodum
885 2256 1068 2345 displicuit,
1084 2260 1181 2346 quiue
1194 2258 1296 2325 hiero·
1339 2262 1512 2333 cerdorii&
1526 2260 1649 2346 imperii
1662 2258 1825 2339 subnexas,
1840 2256 1991 2333 aonacst,
2001 2276 2073 2342 pan.

557 2348 752 2429 diaconiam,
776 2347 826 2414 vel
838 2347 1041 2413 hierodrclicm
1061 2349 1170 2435 potius
1189 2342 1296 2412 dicen·
1341 2350 1407 2426 256.
1411 2349 1496 2435 seqq.
1520 2369 1685 2433 perperam
1698 2346 1845 2433 prorsus,
1863 2350 1909 2412 vti
1926 2366 1964 2411 cx
1977 2350 2013 2410 iis
2027 2365 2073 2429 pu-

556 2434 645 2517 dam,
653 2434 888 2511 existimarunt,
908 2438 958 2522 ¹uti
970 2456 1009 2503 er
1021 2454 1140 2501 berni
1154 2454 1225 2501 sva
1235 2452 1297 2498 vis
1344 2454 1407 2517 tet,
1421 2455 1503 2523 quae
1515 2454 1627 2501 contra
1640 2457 1685 2502 en
1697 2454 1862 2500 rourum
1877 2430 2016 2518 disputat
2030 2434 2074 2495 be·

555 2545 606 2591 ro
617 2546 635 2589 L
646 2544 719 2589 aur
733 2520 862 2611 historia
874 2522 978 2587 concil.
991 2522 1125 2587 Trident.
1142 2520 1195 2586 lih.
1209 2522 1296 2587 7111.
1340 2542 1412 2591 atus
1430 2544 1482 2589 cu
1492 2542 1592 2591 ursr.
1612 2543 1758 2589 renarra
1768 2544 1816 2587 ou
1827 2542 1898 2587 rvs
1912 2518 2035 2598 noster,
2046 2519 2076 2583 in

550 2629 588 2700 p.
603 2630 684 2695 1²77·
699 2614 766 2677 iam
780 2609 983 2676 obseruatum
992 2606 1298 2695 ininjiicutahcoiog.
1339 2610 1598 2697 disquisitionibus
1612 2610 1701 2676 anti·
1710 2608 1919 2687 Baronianis,
1934 2604 2075 2692 dr'squsfie.

556 2700 692 2787 dogmat.
706 2698 758 2765 lih.
770 2700 948 2781 V.cap.IV.
963 2694 1004 2762 ad
1016 2704 1046 2778 §.
1054 2700 1079 2762 1.
1091 2714 1124 2780 p.
1133 2714 1211 2778 ηυγ.
1235 2694 1299 2761 Hi·
1343 2700 1381 2765 7.
1396 2706 1427 2781 §.
1440 2700 1500 2764 IV.
1506 2714 1539 2781 p.
1554 2718 1604 2781 ¹5¹·
1648 2694 1869 2764 Consentiunt
1883 2698 1918 2762 in
1931 2716 1971 2761 eo
1985 2693 2075 2779 pleri·

557 2782 691 2855 storiam
704 2781 914 2865 hierarchiae,
930 2783 982 2849 seu
997 2784 1160 2871 regiminis
1175 2777 1298 2847 ecclesi·
1366 2807 1424 2864 ue,
1439 2779 1626 2850 discriminis
1642 2781 1738 2849 huius
1752 2784 1913 2869 originem
1925 2782 1966 2847 ab
1978 2782 2074 2848 eccle·

557 2870 646 2941 allici
665 2894 742 2960 prae
757 2873 886 2955 reliquis
902 2870 966 2935 sule
982 2872 1016 2937 δε
1037 2866 1187 2935 adcurate
1200 2865 1299 2933 tradit
1342 2806 1386 2940 sia
1403 2868 1528 2938 iudaica
1544 2868 1752 2956 repetendam
1775 2870 1860 2937 cll'e:
1886 2866 1977 2953 idque
1995 2864 2070 2932 dum

556 2977 916 3038 recenseamus,
946 2956 1025 3021 dans
1046 2956 1068 3021 i'
1088 2952 1298 3043 hisioircclts
1345 2949 2074 3033 &roscimurriomasrvsadserit,adte·

556 3047 655 3134 agust»
667 3064 749 3111 tomo
763 3050 789 3110 1.
798 3060 885 3128 parc.
898 3048 923 3109 Ι.
939 3066 994 3130 per
1010 3046 1169 3129 integrum
1185 3043 1298 3109 lihram
1343 3045 1530 3112 stimonium
1547 3066 1657 3110 cuens
1667 3067 1685 3111 ε
1695 3067 1719 3109 u
1729 3066 1792 3110 τις
1806 3045 1952 3110 Romani
1966 3060 2077 3127 prouo-

552 3138 694 3223 primum
705 3152 739 3217 p.
750 3134 859 3217 cfiqq.
905 3132 1094 3199 Generatim
1113 3151 1244 3218 quoque
1259 3126 1298 3195 de
1342 3150 1404 3210 cat,
1420 3129 1509 3217 quod
1523 3134 1559 3197 in
1568 3133 1670 3215 priori
1683 3134 1750 3198 eius
1770 3132 1815 3197 ad
1831 3129 2008 3197 Corinthios
2023 3128 2077 3213 cpi·

558 3220 737 3289 hierarchia
753 3217 955 3288 ecclehastica
969 3220 1175 3306 praecipiunt
1185 3239 1223 3283 ex
1237 3238 1298 3280 no·
1333 3220 1416 3309 stola
1428 3241 1512 3283 num.
1522 3222 1584 3283 XL.
1601 3216 1717 3297 exstate
1740 3220 1856 3305 origin.
1871 3214 1936 3285 siue
1951 3216 2077 3301 caraci·

559 3308 707 3376 stratibus
733 3329 877 3373 lohell.
910 3325 1239 3375 uruuesurubvs
1263 3306 1298 3367 in
1342 3323 1400 3371 tar.
1417 3303 1564 3391 ecclesiast.
1581 3305 1634 3370 sih.
1650 3310 1676 3371 Ι.
1697 3323 1764 3389 cap.
1781 3309 1819 3373 V.
1836 3308 1894 3373 vbi
1910 3302 2073 3373 dillineiio-

560 3398 749 3462 trailatude
762 3393 937 3460 hierarchia
959 3391 1159 3478 ccclehcstica,
1183 3391 1297 3456 Helm·
1342 3414 1417 3461 nem
1433 3391 1553 3457 hancce
1569 3413 1683 3457 contra
1705 3414 1790 3459 uic.
1815 3408 2071 3467 mronurrura,

561 3482 652 3551 liadii
675 3506 726 3546 an.
752 3500 847 3560 1702.
862 3502 895 3558 4.
920 3501 957 3543 cx
978 3500 1131 3543 romanae
1151 3474 1299 3544 ecclesiae
1344 3498 1491 3547 cisun.
1513 3498 1774 3559 saumasrvm,
1797 3497 1899 3567 atque
1920 3501 1974 3546 ro.
1994 3497 2075 3543 sri-

563 3568 696 3636 addidlis
718 3584 831 3631 brou.
854 3580 1076 3642 rarnvtvs,
1099 3564 1188 3628 libris
1209 3565 1299 3648 quin·
1344 3586 1494 3633 nauum
1510 3563 1678 3633 defendere
1692 3584 1843 3635 conatur.
1888 3568 1934 3632 At
1948 3588 1985 3633 ex
1999 3584 2078 3631 m.

562 3677 622 3742 que
634 3656 670 3719 de
687 3648 863 3718 hierarchia
877 3649 1083 3738 ecclcsastica,
1100 3652 1157 3737 qui
1174 3652 1301 3803 dopma·
1344 3672 1499 3718 rasuris
1520 3655 1622 3717 verbis
1636 3649 1670 3718 id
1683 3651 1814 3739 quidem
1837 3650 2026 3731 conficitur,
2049 3654 2079 3715 in

563 3760 632 3809 cam
652 3743 719 3806 eius
738 3735 974 3824 theologicorum
994 3754 1087 3803 tomo
1109 3758 1148 3804 tv
1169 3758 1207 3805 ex
1233 3752 1301 3804 ant.
1346 3734 1473 3806 ecclesia
1486 3736 1610 3805 iudaica
1624 3738 1725 3807 hocce
1740 3744 1828 3807 inter
1845 3742 1980 3810 clericos
1995 3740 2078 3807 &la-

564 3848 650 3897 mii
661 3847 727 3894 ovs
744 3846 874 3911 quoque
889 3845 1099 3891 aurourvs
1114 3844 1303 3891 bruonis·
1346 3828 1413 3892 icos
1431 3823 1596 3891 discrimen
1606 3827 1787 3910 obtinuisse,
1802 3825 2079 3915 quod&pohtum

564 3936 657 3995 urs,
679 3935 761 3999 quae
780 3913 874 3979 huius
888 3913 952 3979 loci
973 3913 1062 3995 sunt,
1085 3916 1120 3978 in
1137 3904 1301 3979 notissimo
1347 3908 1391 3979 est
1407 3928 1491 3979 extra
1505 3914 1780 3989 controuerfiame
1795 3914 1885 3999 apud
1900 3912 2078 3981 christianos

565 3998 1063 4087 derepuhiicaecclefiasticaopere
1076 4002 1211 4087 attingit.
1229 4000 1303 4064 No·
1346 3996 1380 4067 id
1392 4000 1458 4065 iam
1471 4022 1507 4065 ea
1528 4019 1630 4067 aetate
1646 4005 1681 4067 in
1698 4004 1754 4067 vsu
1775 4003 1891 4081 fuisse,
1911 4023 1972 4067 nec
1988 4019 2078 4066 cur·

568 4093 617 4157 bis
629 4090 693 4157 hoc
709 4106 836 4153 tantum
850 4086 996 4154 relidium
1011 4084 1066 4169 est,
1083 4106 1119 4153 vt
1133 4090 1302 4174 praecipua
1347 4106 1454 4153 meus
1473 4085 1569 4170 dicit,
1584 4110 1644 4154 nec
1658 4087 1718 4156 illo
1731 4091 1800 4157 eius
1819 4090 1916 4157 effato
1936 4107 2081 4172 compro-

567 4194 737 4244 momenta
750 4177 860 4260 paucis
874 4173 1061 4243 delibemus.
1093 4177 1303 4242 Primumita·
1348 4176 1415 4241 bari
1431 4173 1545 4260 potest.
1596 4176 1693 4243 Exem
1717 4176 1751 4241 lo
1767 4179 1855 4244 enim
1868 4176 1977 4243 solum
1992 4174 2084 4241 eccle-

568 4286 633 4351 que
646 4264 700 4333 hic
714 4264 854 4331 occurrit
865 4259 1025 4332 distinctio
1039 4268 1122 4331 inter
1134 4264 1256 4329 clericos
1269 4263 1304 4329 dc
1347 4258 1408 4330 stae
1429 4259 1573 4330 iudaicae
1592 4197 1758 4331 ostendere
1776 4264 1908 4343 voluit,
1937 4260 2081 4330 ordinem

566 4354 686 4427 iaicas3
708 4346 902 4420 hierarchiae
915 4349 1018 4434 istius,
1039 4374 1138 4439 quam
1150 4350 1304 4418 nonnulli
1348 4369 1472 4417 certum
1492 4352 1527 4414 in
1545 4349 1670 4419 ecclesia
1687 4373 1820 4438 quoque
1840 4350 2010 4419 christiana
2028 4350 2081 4415 ob-

570 4436 765 4519 defendunt,
787 4442 994 4527 praecipuum
1010 4442 1098 4509 velut
1112 4438 1303 4506 lundomen·
1346 4434 1538 4504 seruandum
1553 4438 1622 4506 ell'e.
1688 4438 1764 4505 Hoc
1779 4462 1797 4505 a
1812 4461 1866 4509 me
1882 4444 1948 4505 iam
1967 4434 2077 4505 indica·

570 4542 643 4593 tum
654 4526 858 4595 constituens.
916 4530 971 4595 Vti
987 4529 1074 4595 enim
1089 4527 1167 4595 sacri
1181 4523 1302 4593 ordinis
1347 4544 1418 4591 tum
1432 4528 1467 4591 in
1476 4528 1669 4610 praeficiens
1682 4546 1782 4594 eruo
1791 4547 1843 4595 rra
1852 4549 1905 4595 rar
1919 4522 2079 4612 origchihut

570 4615 648 4679 viris
660 4616 800 4699 regimen
812 4613 947 4703 aliquod
960 4632 1056 4703 atque
1069 4620 1116 4683 im
1140 4619 1242 4685 etium
1256 4614 1303 4680 sa·
1348 4612 1523 4700 praemissa.
1567 4614 1701 4681 luterim
1712 4612 1898 4698 fatendum,
1912 4610 2083 4683 disiindiio·

573 4720 666 4767 ctum
679 4700 824 4768 tribuunt
838 4726 849 4779 ς
875 4701 965 4791 quod
979 4704 1014 4772 dt
1028 4726 1093 4774 vox
1107 4639 1303 4783 hemaii,
1345 4722 1422 4769 nem
1437 4698 1528 4768 illam
1541 4697 1613 4766 satis
1628 4704 1798 4790 antiquam
1812 4702 1886 4785 esse,
1902 4704 2022 4791 quippe
2032 4720 2084 4767 cu-

570 4790 619 4855 vti
632 4786 781 4869 diximus,
792 4787 928 4870 indicat,
952 4796 997 4861 ita
1010 4814 1080 4861 non
1116 4790 1223 4859 ollunt
1232 4810 1301 4856 non
1344 4791 1394 4856 ius
1410 4790 1475 4855 iam
1497 4807 1819 4857 rerrvstrsuvs
1841 4794 2018 4871 meminit,
2037 4808 2086 4851 cx-

571 4874 714 4975 teliquos
724 4874 825 4952 veluti
839 4879 1068 4971 ciuiumatque
1085 4816 1302 4954 hibiedlorum
1343 4870 2084 4967 braac.aacastirac.cap.c⁷11.quamquam&

1924 4979 2085 5035 rosera·
