5259 5967
779 758 842 825 or:
865 706 1180 827 ruroroorn
1202 760 1526 832 tnrnrsrrcn.
1843 788 1909 853 479

398 906 638 979 contemnimus
650 926 766 994 patres,
784 926 839 973 aut
852 930 965 973 eorum
984 909 1128 997 suffragia
1171 909 1338 979 stelodanri
1362 915 1455 993 1564,
1484 932 1516 993 4.
1562 914 1608 977 Ex
1630 911 1821 981 noslratibus
1844 936 1901 981 au-

396 1000 434 1065 in
449 1000 593 1063 minimis
603 999 774 1081 ponimus,-
798 994 978 1073 licetsolam
994 995 1126 1083 scriptu·
1172 1017 1237 1063 tem
1251 998 1360 1063 beatus
1378 1020 1429 1063 ro.
1447 1016 1738 1065 enumeratus
1761 1020 1899 1084 conrpen·

399 1106 469 1151 ram
481 1082 602 1148 sacram
622 1104 681 1167 pro
696 1078 769 1147 fidei
793 1084 827 1149 dc
842 1084 926 1149 vitae
942 1084 1049 1168 regula
1068 1084 1126 1151 ha·
1168 1086 1254 1149 rium
1272 1082 1440 1171 theotgere
1460 1084 1620 1169 historicae
1641 1090 1778 1173 reliquit,
1799 1090 1899 1153 Vina·

397 1174 540 1238 beamus.
586 1168 965 1255 Qtantnospatrirr’imm
980 1166 1125 1250 dicimur,
1169 1176 1343 1251 riae16992
1365 1184 1393 1245 8·
1440 1172 1670 1253 Rormnensee,
1691 1176 1767 1246 dum
1789 1172 1896 1239 discri-

398 1258 453 1323 alii
469 1255 656 1341 theologiam
680 1254 856 1341 historicum
883 1275 1017 1328 vocante
1039 1254 1126 1323 haud
1168 1280 1245 1323 men
1268 1256 1390 1322 sariunt
1411 1260 1494 1322 inter
1518 1256 1716 1345 theologiam
1732 1258 1897 1343 prſstiuam

398 1343 495 1411 dubie
510 1362 545 1407 vt
560 1346 707 1419 innuant,
722 1342 812 1408 vsum
825 1340 920 1409 huius
942 1342 1124 1428 theologiae
1170 1347 1205 1413 dr
1218 1343 1431 1430 so'aalrsticaat,
1447 1366 1503 1429 per
1513 1345 1753 1429 postorarmeam
1769 1346 1831 1413 sere
1844 1345 1900 1414 de·
1928 1346 1930 1351 ’

397 1432 607 1517 praecipuum
623 1428 681 1495 eise
694 1426 890 1495 historicum.
961 1432 1010 1495 Sie
1026 1451 1063 1495 ex
1077 1451 1124 1497 re·
1169 1430 1304 1518 signant,
1328 1454 1425 1516 quarn
1447 1452 1506 1495 nos
1520 1434 1712 1517 patrijlimm
1732 1453 1898 1501 vocamus.

398 1519 558 1585 formatae
572 1512 717 1583 ecclcsiae
734 1514 894 1603 theologis
915 1538 1041 1583 urna.
1060 1538 1125 1583 ur·
1166 1516 1300 1584 Diuum
1315 1516 1437 1603 aliquid
1452 1522 1516 1583 iarn
1532 1515 1590 1581 hrc
1618 1514 1706 1585 dere
1726 1518 1818 1605 supra
1840 1518 1896 1600 est,

396 1624 568 1673 rruorts
582 1600 1071 1688 theologiamhistaritem,sruest·
1096 1622 1125 1665 ε·
1169 1606 1203 1670 dr
1217 1608 1251 1669 in
1267 1604 1469 1688 sequentibus
1482 1607 1599 1672 iterum
1619 1606 1741 1692 aliquid
1760 1626 1898 1672 monen-

395 1686 640 1775 matishistarici
662 1689 728 1754 lata
745 1708 880 1775 quatuor
898 1684 1027 1774 scripsit,
1046 1692 1125 1755 tim·
1170 1690 1203 1755 di
1229 1708 1367 1755 recurret
1388 1692 1489 1756 locus.

506 1803 535 1875 §.
553 1786 593 1862 ll.
628 1788 777 1863 Petrum
801 1790 956 1865 nornine
978 1788 1064 1865 licet
1086 1790 1277 1864 nonnullis
1299 1815 1431 1865 omnes
1455 1787 1649 1893 scriptores
1672 1786 1898 1868 ecclesiastici

395 1884 564 1977 veniant,
580 1886 644 1985 qui
659 1887 702 1961 ab
718 1886 827 1961 initio
842 1884 1019 1978 ecclesiae,
1033 1911 1150 1987 usque
1165 1887 1209 1962 ad
1224 1888 1300 1962 eius
1316 1887 1618 1963 emendationem
1642 1886 1703 1966 seu
1718 1889 1896 1965 reforma·

396 1986 543 2063 tionem
557 1984 747 2069 dixerunt3
774 1984 883 2059 nobis
897 2006 1020 2059 tamen
1035 1984 1086 2059 illi
1100 2004 1245 2061 tantum
1260 1985 1395 2060 eodem
1417 1985 1519 2084 digni
1541 1987 1730 2079 videntur,
1755 1987 1819 2089 qui
1834 1986 1895 2063 sex

426 2082 525 2157 rimis
540 2108 559 2157 a
572 2082 722 2157 Christo
743 2102 831 2157 nato
845 2080 991 2159 saeculis
1008 2083 1226 2175 flomerunt,
1244 2082 1486 2185 dominaque
1500 2082 1559 2160 sua
1573 2110 1615 2161 ac
1630 2084 1896 2187 scriptiseccle·

395 2110 464 2259 iiac
480 2180 676 2256 commoda
690 2202 972 2282 prornouerunt.
994 2189 1010 2221 ⁸

488 2298 507 2338 *
531 2294 598 2377 Qui
623 2290 660 2358 de
673 2294 820 2377 patribus
846 2294 1035 2378 loquuntur,
1058 2314 1128 2359 non
1169 2296 1328 2374 vixerunt,
1343 2313 1417 2360 cunr
1430 2292 1555 2361 saeculo
1570 2292 1705 2381 septimo
1720 2298 1784 2362 iarn
1798 2294 1898 2365 ecele-

396 2379 994 2465 vnarationevoeemhancaccipiunt.
1031 2382 1126 2445 Non·
1171 2378 1232 2448 stae
1257 2385 1422 2468 corruptio
1449 2398 1553 2467 aperte
1568 2383 1598 2449 se
1618 2384 1754 2450 exserere
1769 2387 1899 2468 incepe-

396 2462 758 2553 nullisrgnificationem
779 2468 844 2532 'eius
863 2488 1002 2551 eousque
1020 2485 1126 2533 exten·
1170 2470 1222 2532 rit.
1266 2487 1391 2533 auor.
1414 2487 1586 2534 nrvrrvs
1606 2489 1672 2547 eos,
1694 2472 1749 2553 qui
1771 2470 1897 2541 saeculo

399 2554 493 2635 dunt,
514 2574 549 2618 vt
571 2574 684 2617 omnes
705 2554 868 2637 scriptores
891 2551 1126 2633 ecclesiasticos,
1171 2552 1305 2637 septimo
1330 2558 1362 2621 δε
1391 2556 1592 2641 sequentibus
1612 2555 1663 2621 seu
1684 2552 1754 2639 poll
1774 2576 1899 2623 annum

398 2644 456 2729 qui
470 2660 570 2726 vsque
585 2637 625 2704 ad
643 2636 787 2705 ecclesiae
809 2638 1067 2705 emendationem
1080 2641 1127 2704 vi·
1169 2641 1234 2721 640
1247 2642 1406 2720 vixerunt,
1450 2646 1532 2707 inter
1541 2658 1649 2726 patres
1662 2644 1901 2730 minorumgen·

396 2722 926 2812 xerunt,eademcompledlanturt
949 2722 1129 2791 cuiusmodi
1172 2726 1252 2789 tium
1266 2725 1369 2809 refert,
1387 2728 1405 2792 l.
1421 2748 1446 2792 c.
1460 2746 1525 2813 cap.
1540 2732 1564 2793 1.
1575 2748 1608 2814 p.
1617 2736 1619 2741 '
1619 2750 1652 2811 5.
1697 2729 1899 2797 Placetcum·

400 2818 438 2881 in
465 2812 650 2877 bibliotheca
672 2814 813 2877 nraxima
840 2828 970 2896 patrum
1000 2810 1129 2877 exllant.
1173 2814 1284 2897 primis
1297 2822 1408 2886 explesse
1427 2816 1509 2881 beati
1530 2836 1580 2881 ro.
1603 2837 1818 2881 osannam
1836 2834 1899 2881 rto·

399 2902 468 2967 Alii
481 2919 595 2965 contro
609 2899 710 2965 hocce
728 2918 853 2963 nomen
873 2896 914 2964 ad
935 2898 1018 2963 solus
1050 2919 1128 2982 apo·
1173 2898 1238 2977 stri,
1255 2900 1288 2962 in
1305 2898 1445 2963 methodo
1449 2898 1547 2985 studii
1559 2901 1729 2987 theologici,
1735 2921 1821 2985 part.
1838 2904 1898 2967 ΙΙΙ.

396 2984 510 3066 stolos,
529 3004 700 3071 praeeunte
716 3004 956 3051 avevsrtuo
971 2988 1005 3049 in
1021 2984 1129 3068 pftlm.
1163 2986 1238 3067 fiel.
1254 2988 1292 3048 1⁷.
1311 3004 1337 3049 c.
1351 2988 1408 3049 111.
1418 3004 1452 3067 p.
1475 2994 1541 3065 ²75·
1556 2988 1639 3071 fi’qq.
1706 2988 1792 3052 Cum
1811 2990 1901 3054 enim

398 3070 720 3157 XLKrestringtrnt,
754 3074 872 3155 quippe
885 3072 941 3156 qui
958 3072 1016 3135 soli
1039 3070 1129 3157 digni
1172 3068 1355 3149 monuisset,
1374 3072 1550 3137 nonnullos
1575 3070 1758 3153 existimare,
1767 3090 1898 3159 patrum

399 3156 482 3239 sint,
516 3153 949 3312 puipatresadpellitenturt
994 3156 1129 3242 satisque
1172 3176 1311 3222 aetatem
1341 3176 1416 3221 curn
1445 3160 1643 3243 temporibus
1670 3160 1899 3225 avevsrrur

400 3248 480 3325 esse,
529 3270 541 3311 r
556 3244 668 3329 reliqui
689 3244 828 3329 episcopi
841 3244 906 3329 filii
925 3243 1054 3308 illorum
1072 3264 1128 3305 ro·
1172 3240 1301 3323 defiiss'e,
1314 3264 1353 3308 eo
1367 3240 1455 3328 quod
1473 3242 1659 3309 traditiones
1677 3246 1833 3329 plurimae
1848 3266 1898 3311 ec·

401 3351 530 3400 centur.
572 3326 745 3417 Apostolos
765 3334 874 3413 vtique
899 3333 1064 3413 praecipue
1087 3328 1128 3395 se·
1173 3327 1297 3396 clesram
1319 3348 1396 3395 tunc
1410 3328 1567 3397 inundare
1579 3336 1755 3415 coeperint,
1771 3330 1810 3399 de
1827 3336 1898 3417 qui-

400 3417 547 3487 cundum
566 3418 672 3482 Deum
686 3420 721 3481 in
737 3411 864 3485 eeclesia
872 3432 980 3499 patres
995 3416 1057 3481 diei
1076 3412 1128 3481 de·
1172 3416 1228 3478 bus
1246 3414 1310 3499 ipse
1324 3416 1403 3503 epist.
1423 3422 1528 3482 CXIX.
1548 3436 1775 3501 conqueratur,
1800 3439 1897 3504 quos·

400 3501 941 3585 bere‚auon.nrvrrvscenset,
969 3520 1002 3565 vr
1023 3502 1129 3585 quita·
1172 3500 1247 3567 dam
1268 3522 1345 3567 vero
1378 3500 1418 3567 ad
1438 3524 1558 3568 annum
1583 3524 1682 3588 vsque
1716 3502 1898 3571 sexcentesi-

401 3594 467 3659 Dri
479 3606 563 3655 certa
576 3590 771 3665 terrestriam,
785 3589 1010 3671 primiformia
1024 3586 1132 3669 eccsefi-
1175 3608 1278 3663 inum,
1297 3587 1350 3651 seu
1369 3586 1408 3652 ad
1424 3608 1625 3654 orreortrr
1640 3594 1748 3675 magni
1771 3608 1899 3676 tempo.

400 3675 888 3755 aruaaarcbitesli,&dollrinae
896 3692 1128 3759 propagatores,
1175 3694 1209 3738 ra
1220 3694 1290 3739 eant
1311 3671 1508 3758 producere,
1552 3678 1667 3761 quibus
1687 3696 1899 3743 romanorum

399 3782 441 3831 vt
460 3766 569 3827 merito
589 3761 757 3847 prophetae
779 3762 819 3831 εἴ
846 3760 972 3845 apastoli
1000 3760 1133 3824 aliorum
1175 3758 1352 3845 praesidum
1374 3758 1558 3827 dominatus
1572 3783 1590 3827 a
1603 3760 1707 3827 Phoca
1722 3763 1898 3847 imperato·

401 3850 584 3941 quoramuir
599 3852 853 3933 resprlltt,patrts
866 3844 1063 3930 patrttmfiali
1075 3866 1132 3909 uu·
1177 3866 1210 3911 re
1236 3842 1444 3912 consinnatus
1469 3850 1607 3913 maxime
1626 3852 1774 3933 eruperit,
1818 3850 1900 3917 alios

402 3938 629 4011 diremtum,
651 3939 684 4001 in
699 3940 791 4000 trasl.
813 3934 851 3997 de
870 3936 1058 3999 tulleritute
1073 3950 1133 4017 pa-
1177 3930 1280 3996 rursus
1291 3953 1363 3997 eam
1375 3954 1473 4018 usque
1487 3931 1527 3998 ad
1543 3956 1665 3999 annum
1684 3930 1899 4017 millesimum,

401 4042 500 4107 truta,
521 4020 662 4090 eiusdem
680 4024 785 4085 tritico
798 4022 888 4102 fitero
907 4017 1086 4105 praemisso,
1106 4039 1132 4083 c.
1176 4017 1227 4081 seu
1239 4015 1421 4104 theologiae
1434 4018 1635 4085 scholasticae
1647 4038 1754 4085 ortum
1767 4040 1901 4105 proten·

399 4114 477 4195 I.§.
491 4112 535 4177 Il.
580 4108 645 4173 Vsu
665 4127 774 4174 tamen
789 4106 938 4187 inualait‚
959 4121 997 4173 vt
1018 4106 1132 4189 reliqui
1175 4100 1266 4179 dere;
1288 4124 1426 4189 cumque
1438 4125 1536 4191 porro
1552 4104 1727 4187 addidisset,
1745 4106 1900 4173 ascholo-

402 4198 513 4277 etiam,
520 4196 576 4283 qui
589 4216 645 4281 per
657 4196 759 4259 multa
772 4192 893 4258 saecula
905 4189 1056 4278 apostolis
1063 4190 1131 4256 suc·
1174 4188 1256 4256 llicis
1270 4188 1455 4257 dodoribus
1470 4194 1608 4259 omnino
1623 4190 1843 4259 discernendos
1852 4214 1903 4261 re·

403 4284 571 4362 cesserunt,
591 4278 735 4347 ecclefiae
749 4278 1008 4363 dodorespatres
1021 4276 1131 4363 adpel·
1174 4279 1279 4363 liquos
1304 4274 1451 4343 dodores
1470 4275 1700 4360 ecclesiasticos,
1722 4282 1777 4364 qui
1794 4298 1902 4367 patres

400 4372 553 4442 litenturt
582 4388 648 4454 quo
670 4368 803 4432 nomine
826 4366 993 4431 nonnullis
1014 4367 1129 4431 iterum
1173 4366 1282 4429 vocari
1295 4358 1431 4451 polline,
1454 4362 1570 4431 horum
1593 4382 1652 4431 tres
1668 4364 1798 4433 ordines
1821 4388 1901 4435 con·

403 4452 518 4523 omnes
532 4456 578 4520 illi
593 4457 747 4531 veniunt,
784 4454 839 4537 qui
854 4450 1006 4536 usquead
1027 4452 1130 4519 saecu·
1176 4449 1294 4525 llitnit3
1316 4454 1457 4535 primurn
1475 4472 1600 4532 comm,
1619 4456 1675 4537 qui
1699 4471 1727 4517 a·
1746 4456 1902 4539 tempori-

401 4544 474 4609 lunt
488 4539 718 4608 duodecimum
742 4534 929 4619 floruerunt,
952 4560 1019 4624 quo
1036 4538 1128 4604 tltec·
1174 4538 1232 4602 bus
1260 4534 1482 4621 apostolorum
1507 4536 1547 4603 ad
1584 4542 1766 4605 Nicaenum
1799 4561 1902 4626 vsque

401 4632 487 4715 logia
503 4624 686 4695 scholastica
709 4642 820 4692 exorta
839 4622 901 4697 est3
932 4626 1001 4691 aliis
1022 4641 1131 4691 autem
1176 4620 1546 4705 corrrilirtmlloruerunt,
1560 4625 1611 4692 seu
1627 4622 1666 4691 ad
1678 4627 1903 4695 annumChri·

395 4712 448 4801 isli
463 4732 601 4797 tanturn,
622 4718 726 4800 quiin
741 4712 793 4784 sex
817 4712 977 4801 prioribus
1000 4710 1133 4785 saeculis
1178 4708 1215 4783 lli
1232 4728 1311 4797 3255
1334 4709 1508 4784 secundum
1523 4734 1648 4798 eorum,
1670 4716 1726 4801 qui
1740 4734 1759 4782 a
1772 4734 1900 4799 tempo·
1939 4726 1948 4737 ·

1483 4858 1492 4868 .
1871 4818 1907 4867 re
