5259 5967
626 738 638 797 ·.
697 708 764 777 oe
787 704 1105 777 Tueoroorn
1128 703 1370 776 ruerrcn
1401 710 1492 776 sev
1521 710 1863 781 ooounrrcn.
2013 728 2076 799 aar

542 854 690 941 spiritur,
705 852 864 937 inquibus
885 852 1091 935 quilaborem
1113 852 1152 921 ὅ
1165 869 1291 935 optram
1333 852 1432 939 nique
1448 852 1481 919 &
1503 871 1698 919 creturus
1721 875 1764 919 aa
1786 874 1914 919 saucro
1938 876 2065 937 natoue,

552 940 778 1024 confirmarint,
789 958 906 1023 parum
922 939 1071 1001 commodi
1083 939 1291 1021 conferentad
1332 956 1366 1003 vt
1388 942 1437 1003 vit
1457 936 1587 1023 quidam
1610 937 1724 1007 dodius
1743 943 1851 1007 vocari
1872 941 1989 1019 voluit,
2026 947 2062 1008 in

552 1029 731 1095 ornandam
752 1025 913 1093 hominum
924 1026 1122 1108 societatem,
1157 1025 1233 1109 quin
1249 1026 1289 1095 εἴ
1331 1024 1460 1111 epistolis
1473 1023 1658 1113 theologicis,
1675 1028 1756 1114 epist.
1779 1033 1849 1094 Vll.
1857 1049 1890 1112 p.
1903 1038 1964 1106 178.
1976 1029 2061 1113 seqq.

553 1114 796 1197 animumfitum
816 1114 902 1177 renai
927 1113 1110 1199 cognitionis
1136 1114 1224 1176 radio
1249 1112 1287 1177 il·
1331 1115 1367 1179 in
1390 1111 1588 1201 systematica
1612 1113 1872 1185 scholasticorum
1895 1112 2062 1201 theologia

554 1202 745 1289 lustrabunt,-
764 1198 804 1267 de
824 1200 1001 1265 dolioriltur
1014 1198 1211 1286 scholasticis,
1236 1200 1288 1266 lio.
1332 1202 1409 1265 vitia
1424 1198 1580 1284 quaedam
1595 1221 1700 1281 notat,
1725 1200 1777 1269 sed
1792 1206 1849 1284 ita,
1872 1222 1908 1267 vt
1928 1222 2060 1287 genera-

553 1292 595 1357 ll.
605 1308 643 1374 p.
652 1308 706 1373 55.
752 1287 867 1353 lnanes
885 1284 925 1353 de
943 1288 1079 1352 vocibus
1097 1291 1287 1353 concertati-
1333 1290 1392 1353 tim
1422 1284 1653 1375 systematicam
1674 1286 1832 1357 tradiandi
1860 1286 2060 1374 theologiam

554 1374 714 1455 ones,seu
733 1382 893 1445 »aemalae
914 1372 1187 1455 scholasticorum,
1206 1397 1288 1461 quae
1332 1378 1503 1454 rationem,
1528 1373 1614 1461 apud
1627 1373 1833 1461 protestantes
1855 1379 1954 1441 etiam
1975 1396 2060 1443 rece-

553 1466 637 1533 intet
657 1463 905 1548 reliquatorum
931 1463 1009 1527 vitia
1027 1459 1113 1527 haud
1136 1462 1287 1527 vltimum
1331 1478 1434 1548 ptam,
1457 1460 1559 1542 feriat,
1589 1459 1686 1549 idque
1707 1486 1782 1530 eum
1796 1466 1829 1529 in
1845 1458 2061 1541 tinemuta

555 1566 670 1619 tenent
683 1550 807 1629 locum,
823 1551 940 1614 metito
968 1546 1172 1633 reprehendit
1196 1569 1286 1616 saar.
1330 1553 1430 1636 magis
1451 1568 1572 1614 nouam
1593 1546 1696 1630 illam,
1722 1571 1820 1635 quam
1840 1548 1961 1615 ibidem
2006 1570 2060 1614 ro-

556 1644 895 1717 vrsncurarsrvs,
905 1638 938 1700 in
947 1631 1171 1721 elegantissima
1186 1634 1224 1702 de
1242 1638 1285 1700 lo·
1330 1639 1436 1724 ponit,
1457 1636 1656 1721 theologiam
1677 1634 1832 1704 tractandi
1853 1572 2060 1715 methodirm,

550 1720 724 1813 gomachiit
736 1722 926 1786 eruditorem
933 1723 1146 1810 dissertatione,
1162 1720 1285 1809 palhm,
1329 1724 1481 1790 omnibus
1495 1720 1712 1791 commendet.
1759 1724 1833 1808 Qa
1850 1720 1890 1789 de
1906 1744 1939 1792 re
1952 1720 2060 1789 statim

555 1814 696 1879 maximo
709 1825 818 1875 autem
832 1830 857 1875 c.
870 1813 928 1876 IV.
955 1820 984 1893 §.
999 1814 1086 1875 Xlll.
1101 1832 1136 1895 p.
1145 1832 1197 1893 9²·
1221 1814 1284 1877 De·
1329 1808 1596 1899 pluradicemus.

664 1924 696 2023 §.
709 1924 830 2001 XVll.
855 1924 963 2001 Licet
976 1924 1018 2000 in
1032 1923 1241 2026 theologiae
1255 1924 1413 2001 theticae
1429 1923 1490 2000 seu
1506 1922 1555 1999 do
1622 1924 1732 2001 aticac
1746 1922 1963 2003 tradatione
1980 1945 2059 1997 me-

555 2022 697 2104 thodus
712 2020 1175 2099 Aristotelico-scholastica
1195 2024 1352 2100 maxime
1374 2049 1457 2099 rece
1486 2045 1521 2098 ta
1544 1948 1672 2107 (iiiia
1706 2050 1786 2098 nou
1809 2022 1984 2098 omnibus
2004 2043 2058 2095 ta·
2095 2102 2099 2109 ,

554 2149 656 2217 men,
681 2121 885 2199 recentiori
900 2121 1113 2223 cumprimis
1135 2144 1261 2213 aetate,
1276 2147 1317 2197 ea
1338 2120 1373 2198 se
1386 2050 1566 2225 prohauit.
1642 2122 1826 2198 Nonnulli
1842 2122 1942 2196 enim
1956 2116 2059 2195 ordi-

556 2246 656 2317 nem,
670 2222 712 2297 in
725 2220 799 2324 ipsa
813 2218 989 2324 scriptum
1001 2218 1094 2296 stema
1109 2220 1352 2313 obseruatum,
1367 2218 1652 2332 praeferendum
1676 2219 1873 2312 duxeruut,
1895 2241 2058 2316 eumque

557 2321 597 2397 in
612 2319 838 2397 oeconomia
854 2318 1047 2394 foederum
1070 2318 1283 2394 diuinorum
1302 2318 1337 2393 se
1364 2318 1552 2411 ruueuill'c,
1575 2316 1638 2393 riui
1658 2318 1917 2423 persuaserunt.
1969 2314 2057 2405 Alii,

555 2418 729 2496 ordinem
743 2417 938 2520 quemdam
955 2416 1180 2509 historicum,
1224 2418 1262 2494 dc
1276 2416 1473 2521 scripturae
1488 2416 1625 2509 literae,
1664 2420 1701 2493 ἅ·
1715 2416 1832 2499 indoli
1846 2414 2057 2512 theologiae

555 2517 908 2596 conuenientiorcrn
926 2515 1006 2609 ess'e,
1022 2514 1268 2593 crediderunt
1346 2516 1423 2592 Alii
1443 2514 1576 2607 rursus,
1590 2515 1812 2591 methodum·
1825 2509 2055 2589 mathemati-

555 2642 635 2695 cam
649 2616 760 2693 rebus
775 2612 1060 2691 adcommodare
1075 2613 1190 2706 sacris,
1206 2612 1276 2691 auli
1290 2612 1387 2708 sunt,
1402 2612 1502 2691 simul
1533 2639 1578 2691 ue
1622 2614 1800 2691 ericulum
1814 2610 1946 2703 facere,
1964 2632 2058 2685 num

555 2715 638 2791 tolli
652 2714 724 2791 hac
745 2715 900 2803 ratione,
941 2712 999 2787 vel
1016 2712 1186 2789 imminui
1208 2712 1480 2793 cotrtrouerhae
1503 2734 1519 2788 t
1547 2640 1769 2789 eoliroorum
1790 2710 1937 2815 poliant,
1966 2732 2057 2809 qua-

555 2836 638 2889 rum
659 2811 844 2887 immunes
866 2811 935 2886 sint
956 2806 1166 2913 disciplinae
1195 2812 1476 2887 mathematicae.
1552 2811 1706 2915 Optima
1726 2835 1816 2886 vero
1830 2808 1927 2885 haud
1945 2804 2058 2881 dubie

555 2910 755 2986 methodus
771 2911 841 2999 est,
870 2934 963 3009 quae
977 2910 1016 2984 ἃ
1038 2934 1148 3009 quam
1170 2909 1385 3011 paucitlrmia
1414 2907 1664 2985 incommodis
1688 2910 1893 3011 premitur,
1933 2904 2059 2981 &line

555 3008 776 3108 ambagibus,
789 3028 851 3082 aut
866 3008 1001 3083 erroris
1015 3008 1183 3110 periculo
1198 3007 1242 3082 ad
1259 3006 1372 3083 linem
1385 3006 1615 3111 propofitum
1637 3033 1707 3083 nos
1722 3006 1831 3083 ducit.
1858 3013 1874 3047 *

643 3124 663 3167 ⁴¹
683 3122 765 3187 Non
778 3140 877 3185 vnam
891 3122 1000 3207 vtique
1016 3119 1173 3188 tractandi
1193 3119 1286 3186 theo·
1331 3137 1372 3185 at.
1416 3121 1525 3191 Altera
1540 3118 1725 3200 methodus,
1738 3142 1839 3206 eaque
1852 3119 1950 3204 longe
1963 3110 2059 3183 vsrta·

552 3208 676 3297 logiam
699 3205 918 3294 dogmaticam
940 3210 1118 3289 tationem,
1159 3206 1286 3273 metho-
1330 3201 1455 3287 tilstma,
1490 3204 1533 3275 cll
1568 3206 1959 3295 Aristotelio-scholastica,
1994 3221 2059 3288 qua

554 3294 771 3379 dumqueviri
789 3290 876 3359 docti
894 3294 1016 3379 sequuti
1030 3294 1112 3359 sunt.
1157 3296 1286 3380 Simpli·
1330 3314 1520 3361 ruounu
1543 3318 1593 3362 nr
1616 3316 1793 3383 novruo,
1817 3297 1921 3361 immo
1950 3291 2057 3378 ipsum

553 3376 675 3449 cillima
698 3382 733 3449 ἃ
750 3376 929 3465 planilhma
951 3380 1004 3444 illa
1020 3378 1075 3460 est,
1099 3402 1180 3465 quae
1200 3377 1287 3445 ordi·
1331 3402 1416 3445 arr.
1431 3402 1695 3450 comannovru
1708 3386 1773 3448 iam
1789 3382 1890 3461 esum,
1899 3380 1991 3463 supra
1999 3378 2059 3442 oh·

552 3490 644 3549 nem,
672 3470 707 3533 in
730 3464 921 3532 catechismo
942 3484 1105 3551 receptum
1126 3466 1283 3545 obstruat,
1327 3466 1532 3535 seruauimus.
1578 3471 1827 3551 Praecipuumin
1844 3490 1882 3534 ea
1900 3458 2056 3550 est,quod

557 3554 688 3625 &hinc
718 3552 903 3617 catechetica
920 3556 1031 3619 vocari
1052 3552 1141 3619 solet.
1209 3553 1281 3618 Hac
1326 3549 1366 3618 ad
1404 3552 1539 3618 modum
1574 3552 1811 3639 disciplinarum
1841 3553 2055 3638 praciicarum

553 3644 643 3709 enim
662 3638 820 3706 methodo
837 3661 873 3704 ea
889 3640 985 3704 etiam
1009 3636 1171 3705 interdum
1193 3637 1280 3706 exhi·
1325 3638 1489 3726 theologia
1502 3644 1545 3705 ita
1553 3640 1715 3717 tradatur,
1724 3659 1761 3706 vt
1772 3642 1913 3725 primum
1930 3633 1969 3701 de
1978 3636 2054 3721 fine,

551 3730 639 3809 beri,
656 3748 738 3815 quac
756 3725 796 3792 ad
813 3725 1010 3811 theologiam
1032 3729 1279 3792 acroamaticam
1324 3744 1394 3791 tum
1409 3726 1570 3805 oltielliuo,
1591 3741 1658 3792 tum
1666 3727 1812 3809 formali,
1833 3725 2058 3811 praecipiatur,

552 3814 705 3903 speciant,
719 3816 768 3879 vel
784 3836 828 3877 ro.
845 3832 1035 3877 crunam
1064 3834 1233 3878 arerent
1244 3834 1281 3877 cr
1326 3812 1403 3878 hinc
1417 3810 1456 3877 de
1464 3814 1612 3893 fiebiello,
1628 3812 1845 3880 &tandemde
1856 3808 2058 3893 metli.·'t,qui·
2097 3842 2100 3847 ·

553 3900 755 3989 institutiones
769 3897 977 3977 catechetitae,
993 3900 1028 3964 dc
1049 3920 1179 3965 cuursr.
1200 3920 1282 3964 cur·
1327 3900 1384 3962 bus
1400 3894 1470 3962 finis
1492 3901 1632 3967 obtineri
1651 3896 1759 3985 poffit.
1803 3895 1947 3977 Accedit,
1969 3888 2058 3979 quod

552 4008 670 4057 uutrtr
695 3990 823 4072 pariter,
838 4008 874 4050 ac
893 3987 976 4052 beati
989 4006 1127 4051 raineri.
1156 4006 1282 4051 arcu·
1325 3988 1361 4049 in
1380 3982 1507 4071 lingulis
1522 3982 1703 4072 theologiae
1716 3987 1870 4072 capitibus
1885 3980 2060 4049 secundum

554 4076 743 4143 unuurin
759 4074 1281 4151 eascommentationes,1o.court.
1327 4070 1503 4137 caullarum
1555 4094 1647 4139 encra
1690 4074 1805 4139 cundia
1832 4070 2059 4141 exhibeantur;

553 4180 811 4231 nnuunvrar
835 4160 882 4222 lac
901 4157 1128 4237 catechett‘cttm,
1159 4156 1285 4224 similia·
1330 4178 1467 4241 eumque
1480 4161 1516 4224 in
1533 4093 1635 4226 inem
1656 4182 1751 4226 voces
1774 4159 1879 4224 variae
1900 4178 1937 4221 ex
1960 4170 2060 4220 meta-

551 4269 615 4337 que
628 4246 753 4332 scripta,
770 4244 930 4312 testantur.
974 4241 1143 4311 Necaliud
1156 4248 1190 4309 in
1207 4244 1285 4309 hoc·
1331 4242 1536 4329 physicorum
1552 4242 1666 4311 scholis
1682 4246 1884 4325 arcellantur,
1900 4246 2000 4327 iisque
2011 4243 2062 4305 in·

554 4356 592 4403 ce
606 4334 777 4400 audiorum
797 4331 930 4398 illorum
953 4330 1107 4411 instituto,
1131 4330 1218 4417 quod
1239 4352 1286 4395 te-
1331 4327 1457 4397 tctdum
1471 4332 1585 4399 cundia
1601 4330 1666 4399 fine
1679 4327 1855 4397 necellrtate
1871 4333 2061 4395 obruantur.

579 4418 711 4488 rehendi
731 4418 853 4499 debeat,
869 4420 1019 4493 occurrit,
1048 4439 1146 4502 quam
1162 4415 1285 4502 quoda
1330 4416 1487 4482 Videntur
1500 4439 1607 4484 autem
1626 4424 1693 4485 iure
1701 4419 1860 4485 nonnulla
1875 4422 1910 4481 in
1926 4414 2059 4481 hacme·
2075 4414 2079 4425 '

553 4444 622 4575 hue
645 4508 679 4575 δε
713 4506 811 4591 scopo
838 4502 1047 4569 catecheticae
1072 4504 1284 4570 institutionis
1329 4502 1432 4570 rhodo
1447 4501 1624 4572 desiderati.
1667 4502 2062 4591 Equidemvtdisciplinae

552 4594 681 4683 prorsus
695 4596 821 4673 abeant,
844 4592 973 4677 ipsaque
997 4587 1079 4657 adeo
1094 4590 1207 4658 haecce
1229 4590 1282 4657 de·
1326 4592 1494 4677 practicae,
1517 4594 1634 4677 quibus
1655 4592 1838 4679 theologiae
1858 4591 1941 4657 teche
1957 4586 2059 4656 adau-

552 4683 741 4751 aoa'ainatio
754 4678 1111 4749 cumtraaattoaenon
1126 4681 1282 4749 conuerti·
1326 4699 1479 4762 metatur,
1499 4676 1654 4763 methodo,
1680 4701 1778 4770 quant
1799 4696 1930 4762 vocant,
1953 4676 2048 4774 ancli

1988 4779 2053 4829 teca
