5259 5967
478 712 544 783 324
761 684 902 759 LIBRI
930 686 1275 759 POSTERIORIS
1303 683 1476 753 CAPVT
1498 678 1713 752 PRIMVM

484 790 737 811 anun——
757 796 885 807 --......
891 802 903 807 ..

1304 784 2001 807 ,Μ

567 830 647 909 Iam,
663 846 697 891 vt
711 824 752 891 ad
766 828 849 915 ipsos
863 828 1212 909 sententiarumlibros,
1258 824 1334 894 dem
1349 846 1449 910 porto
1464 845 1546 891 aeuo
1570 824 1604 889 &
1624 823 1678 888 alii
1694 844 1763 887 non
1786 826 1880 908 pauci
1899 823 2002 887 libror
2037 868 2040 873 -

476 924 594 983 dour.
625 934 867 980 uonuunoo
896 914 1213 1002 compositos,acce·
1247 914 1475 997 sententiarum
1511 910 1760 995 compilarunt,
1795 928 1830 973 vt
1861 928 1998 975 ernon

476 1000 608 1076 damus,
637 1004 761 1083 primos
782 1024 836 1067 eos
858 1001 965 1083 fuisse,
994 1006 1098 1089 quiin
1112 1000 1214 1067 hocce
1257 994 1482 1079 Tornacenlis‚
1513 1017 1667 1062 taraus
1691 994 1890 1071 Pidauinus,
1912 1016 1992 1061 orta

476 1084 677 1171 theologiam
710 1084 847 1154 docendi
880 1110 994 1175 genere
1023 1090 1129 1156 lucem
1158 1086 1213 1153 ad·
1258 1107 1413 1153 ocutus
1437 1085 1645 1162 Porretanus,
1660 1082 1786 1168 aliique.
1818 1078 1998 1147 Addendut

384 1236 388 1248 ‚
476 1172 648 1254 seuerior,
673 1176 823 1240 nonnulli
838 1171 893 1239 fibi
908 1170 1213 1261 persuadentQtod
1258 1171 1471 1239 hisceuveo
1494 1192 1542 1236 or.
1565 1192 1589 1235 s.
1613 1170 2000 1249 victoumcuiusftn-

489 1283 500 1328 1
524 1262 569 1323 itu
588 1260 794 1342 intelligant,
825 1270 914 1327 ror:
940 1281 1213 1329 tonnanovn
1256 1260 1427 1323 tertiorum
1443 1256 1537 1337 liber,
1561 1257 1677 1339 septem
1686 1256 1869 1321 tradlutibus
1886 1252 2002 1321 dillin-

476 1349 620 1431 primum
635 1344 737 1425 fuisse,
761 1351 817 1432 qui
833 1348 999 1414 sententias
1016 1370 1053 1413 ex
1072 1348 1213 1434 patribus
1259 1347 1344 1423 elus,
1361 1362 1442 1407 tomo
1459 1348 1517 1408 lll.
1533 1362 1612 1425 oper.
1629 1346 1696 1407 eius¹
1712 1340 1817 1407 exstat.
1851 1342 1999 1407 Pluribus

477 1432 660 1517 collegerit,
685 1435 914 1501 &incertum
937 1434 1086 1501 ordinem
1108 1431 1213 1519 dispo·
1258 1430 1336 1501 haec
1351 1450 1481 1516 quoque
1505 1427 1660 1507 edisserit,
1684 1450 1780 1514 quem
1801 1431 1865 1493 ium
1886 1426 1996 1493 lauda-

478 1518 600 1597 suetit,
624 1516 746 1603 oppido
772 1518 943 1595 falluntur3
972 1519 1126 1605 siquidem
1148 1523 1213 1584 iam
1258 1521 1386 1597 uimus,
1411 1537 1485 1582 mc.
1508 1514 1999 1598 r·uoltrs1vs,inschediosm.

478 1604 607 1669 soeculo
634 1601 720 1669 sexto
746 1626 959 1673 tstnonvu
982 1606 1213 1691 Hispalensem,
1256 1603 1360 1690 histor.
1377 1604 1538 1688 derlepsnit.
1556 1602 1725 1686 philosoph.
1748 1605 1810 1672 &n
1818 1622 1852 1687 p.
1872 1608 1919 1667 62.
1941 1603 1999 1669 vbi

480 1692 752 1757 &uconrrvn
775 1712 980 1775 crrttrvn,
1003 1694 1213 1779 septimorn-
1258 1692 1417 1757 &contra
1436 1712 1490 1755 eos
1506 1688 1656 1771 disputat,
1680 1692 1997 1774 quiataurnnn·

479 1776 1212 1859 rouatr,06lauomumoamtscrnvro,
1259 1800 1330 1858 co,
1354 1796 1410 1843 aut
1442 1774 1671 1853 scholasticae,
1706 1773 1999 1863 autsyllematicne

478 1858 638 1930 eiusmodi
658 1861 735 1947 quid
755 1863 941 1951 suscepisse,
964 1885 1058 1933 antea
1079 1864 1214 1931 demon·
1258 1863 1442 1949 theologiae
1459 1866 1616 2013 oriqinem
1632 1879 1798 1947 repetunt,
1822 1884 1894 1928 cnm
1910 1866 1998 1929 inter

477 1946 656 2015 strauimus.
701 1953 840 2017 Sinvero
856 1952 920 2018 hoc
935 1951 990 2019 sibi
1005 1955 1114 2031 velint,
1127 1973 1214 2017 ror.
1259 1955 1327 2018 eius
1341 1950 1509 2035 scriptanu
1524 1950 1762 2029 lumoccurrut,
1777 1948 1999 2033 quodnomen

480 2056 749 2103 tonnanuvin
766 2040 908 2121 primum
923 2039 1031 2121 fuisse,
1054 2042 1108 2125 qui
1124 2058 1216 2102 more
1248 2036 1419 2124 ffisteorotis
1432 2034 1592 2122 theologici
1600 2053 1830 2121 promereatur.
1874 2057 1996 2103 turni

479 2120 742 2189 scholasticorum
752 2127 787 2189 in
801 2124 860 2191 hac
870 2127 1061 2193 tractatione
1075 2122 1216 2211 philoso·
1260 2142 1370 2189 tamen
1393 2143 1613 2189 connitor
1636 2122 1709 2187 libri
1728 2140 1864 2207 quatuor
1873 2126 1998 2207 finten-

478 2207 592 2295 phiam
603 2231 678 2273 curn
687 2208 849 2299 theologia
857 2214 1076 2291 coniunxerit,
1093 2234 1134 2277 ne
1145 2231 1216 2276 turn
1258 2214 1376 2275 tiorum
1398 2212 1572 2274 maximam
1594 2231 1668 2295 prae
1688 2210 1815 2295 reliquie
1844 2212 2000 2275 omnibus

479 2294 610 2381 quidem
636 2317 704 2361 rem
736 2320 795 2362 acu
821 2318 965 2385 tangent.
1025 2298 1215 2383 Exemplum
1258 2299 1472 2363 obtinuerunt
1506 2296 1730 2362 audioritatem
1764 2298 1999 2363 celebritatem-

476 2378 611 2450 'enimin
624 2381 689 2448 hoc
705 2382 1037 2471 scribendigenereilli
1049 2382 1215 2471 proeruilse
1258 2404 1339 2469 que3
1362 2402 1397 2447 vt
1417 2384 1537 2447 mirum
1556 2405 1625 2448 uon
1648 2382 1700 2463 lit,
1725 2383 1830 2464 fuisse,
1854 2388 1910 2469 qui
1930 2386 1997 2469 pri·

477 2485 719 2555 praeceptorem
732 2472 800 2536 eius
813 2492 897 2538 rer.
912 2492 959 2537 an
969 2494 989 2537 a
1000 2492 1133 2538 rinno
1144 2492 1213 2548 vn,
1258 2492 1350 2535 mum
1366 2466 1612 2535 &scholasticae
1631 2472 1665 2537 dc
1681 2469 1999 2555 systematicaetheo-

478 2556 650 2621 obstruant
670 2558 743 2635 alii,
764 2560 854 2623 cuius
873 2562 992 2643 quippe
1013 2559 1126 2623 librum
1143 2558 1215 2639 fiot-
1258 2558 1363 2643 logiae
1382 2558 1420 2621 ab
1442 2558 1479 2621 iis
1505 2552 1684 2622 deriuarent
1712 2560 1880 2644 originem.
1936 2558 1997 2623 Vri

478 2644 726 2708 tertiorumnon
736 2642 828 2710 semel
841 2664 1075 2711 commemoret
1090 2664 1214 2710 autn-
1258 2663 1367 2709 autem
1380 2658 1520 2727 quatuor
1534 2644 1621 2710 libris
1637 2666 1719 2729 opus
1740 2642 1839 2710 hocce
1858 2640 1998 2723 constat,

479 2748 652 2795 ntnovs.
706 2728 832 2807 Immo,
851 2734 885 2795 in
906 2728 1079 2798 condendo
1092 2734 1214 2814 senten-
1257 2732 1304 2796 ita
1317 2730 1449 2815 quilibet
1464 2730 1542 2794 liber
1565 2732 1598 2793 in
1621 2730 1726 2815 plures
1748 2735 1866 2797 iterum
1885 2726 1998 2797 dilhlit

477 2816 598 2878 tiorum
612 2834 727 2898 opere,
751 2837 835 2881 Pur.
855 2838 1124 2883 conrutnuvm
1143 2837 1215 2881 non
1258 2812 1489 2882 distiudliones.
1536 2818 1648 2881 Totius
1664 2820 1770 2903 operis
1786 2815 1900 2884 diuisro
1920 2820 2001 2884 niti-

477 2900 593 2967 leuiter
613 2900 702 2964 libris
712 2900 941 2985 sententiarum
965 2924 1096 2970 nurci
1113 2921 1215 2968 ntur
1258 2921 1310 2968 tur
1330 2904 1387 2968 illo
1410 2900 1580 2990 Augustini
1600 2900 1764 2991 dogmate,
1796 2902 1914 2989 duplex
1939 2904 2000 2971 else

478 2984 711 3068 adiutumelse,
733 2989 847 3055 audlor
862 2988 906 3057 est
926 3010 1111 3057 rotnncs
1130 2990 1214 3053 Cor·
1257 2989 1461 3055 scientiarum
1481 2990 1669 3071 obiectum,
1691 3012 1739 3053 res
1757 2992 1916 3075 ἅβρας
1949 3012 2000 3057 res

478 3072 657 3154 nubiensis,
679 3072 774 3159 ipsius
790 3097 1015 3142 comuntur
1031 3074 1214 3161 discipulus,
1257 3098 1336 3141 vero
1350 3079 1467 3142 iterum
1486 3074 1615 3161 dispesci
1640 3080 1673 3141 in
1696 3098 1766 3154 eas,
1786 3078 1907 3162 quibus
1922 3080 2001 3161 frui

479 3162 627 3245 quamuis
650 3162 705 3225 alii
725 3182 799 3225 eum
826 3182 1024 3241 utuntur,
1040 3162 1164 3227 obscuri
1180 3163 1214 3228 dc
1258 3165 1351 3240 licet,
1377 3164 1410 3228 &
1431 3165 1465 3226 in
1490 3185 1559 3243 eas,
1588 3166 1701 3250 quibus
1723 3182 1853 3229 tantum
1876 3168 1929 3229 vti
1950 3165 1999 3231 sos

477 3267 562 3331 pene
577 3248 683 3330 ignoti
703 3248 780 3323 viri,
812 3248 924 3311 scrinio
946 3247 1107 3329 insigniter
1122 3270 1214 3314 cotn-
1260 3246 1302 3315 esl
1309 3294 1321 3329 ‚
1337 3247 1401 3314 hoc
1417 3244 1476 3330 est,
1500 3256 1619 3331 Deum,
1634 3251 1667 3315 dc
1684 3272 1730 3313 res
1746 3251 1786 3315 ab
1795 3272 1827 3313 eo
1843 3253 1997 3316 conditos.

478 3330 605 3416 pilalse,
630 3329 840 3398 contendant.
883 3332 1133 3421 Legendo,quae
1150 3333 1213 3399 fuse
1259 3330 1371 3401 l'olhm
1391 3338 1435 3400 ita
1455 3357 1730 3415 avovsrtuvs,
1753 3341 1940 3423 cumprimis
1961 3338 2000 3402 tle

480 3438 518 3483 ac
535 3412 658 3481 erudite
672 3416 733 3483 hac
747 3415 833 3485 dere
854 3418 991 3506 disputat
1011 3443 1092 3485 rac.
1116 3441 1214 3486 rno—
1259 3424 1402 3488 doelrino
1416 3422 1599 3509 christiano,
1616 3426 1670 3487 lib.
1691 3429 1712 3487 1.
1728 3446 1753 3489 c.
1768 3429 1793 3489 I.
1811 3434 1839 3507 §.
1859 3429 1903 3490 ΙΙ.
1910 3427 2001 3509 seqq.

477 3499 1215 3590 Mustvs,deplogiolitterario,§‚CCCCXCHL
1259 3510 1297 3572 ln
1322 3511 1424 3592 primo
1456 3512 1563 3593 itoque
1586 3512 1666 3575 libro
1692 3533 1784 3577 our.
1806 3533 2000 3578 nonnan-

469 3590 1076 3675 ftqq.p.217.seqq.1³urtt1verortaaa
1088 3612 1215 3659 bunut
1260 3614 1331 3660 ovs
1344 3592 1384 3661 de
1397 3597 1435 3661 iis
1450 3598 1579 3675 traebat,
1604 3599 1718 3681 quibus
1739 3596 1801 3663 frui
1816 3599 1910 3678 licet,
1931 3597 2000 3664 hoc

479 3675 841 3757 librumfitntentiarum,
857 3680 902 3761 fic
921 3682 960 3750 ὅ
973 3702 1054 3761 non,
1080 3678 1214 3759 dietum,
1259 3680 1321 3762 est,
1349 3677 1388 3748 de
1410 3684 1499 3761 Deo,
1528 3684 1691 3769 tribusque
1713 3684 1854 3769 personis
1875 3684 1999 3750 diuini-

479 3766 566 3828 inter
579 3759 699 3829 inedito
719 3766 786 3829 eius
802 3762 934 3840 exstare.
959 3764 1214 3833 testaturovm.
1259 3770 1358 3849 totis,
1399 3770 1540 3853 itemque
1580 3767 1620 3836 de
1659 3773 1821 3837 attributis
1861 3769 1996 3837 diuinis.

481 3868 652 3930 ctvcvs,
666 3848 1215 3937 inbist.lirenserrptor.eeclefip.455.
1257 3854 1413 3921 Secundus
1435 3857 1512 3919 liber
1534 3858 1615 3921 circa
1637 3878 1674 3922 ea
1698 3876 1893 3942 occupatur,
1924 3860 2001 3944 qui·

479 3932 780 4003 Intereditaautem
794 3940 860 4003 eius
875 3941 1100 4018 inueniuntur,
1116 3942 1213 4003 intro·
1259 3942 1318 4006 bus
1340 3944 1387 4004 vti
1409 3940 1454 4007 fas
1481 3940 1544 4021 est,
1576 3943 1641 4010 hoc
1665 3943 1726 4023 est,
1750 3947 1842 4011 rebus
1872 3950 1999 4011 creatis.

480 4022 635 4088 sallionis
660 4024 705 4087 ad
732 4022 940 4111 theologiom,
962 4025 1035 4089 libri
1051 4042 1125 4108 tm,
1149 4024 1214 4092 stue
1257 4027 1386 4093 Disserit
1398 4030 1443 4093 ibi
1457 4025 1496 4094 de
1513 4033 1673 4097 creatione
1693 4028 1826 4113 mundi,
1852 4029 1999 4118 delapsu

480 4110 653 4195 opustudem
676 4110 784 4196 defide
793 4114 923 4194 sonitu
940 4114 1114 4193 trinitatis,
1131 4134 1214 4198 quo·
1257 4111 1433 4180 hominum
1454 4115 1489 4182 δι
1513 4118 1725 4203 angelorum,
1756 4116 1796 4184 de
1819 4120 1922 4185 libero
1947 4143 2001 4187 ar·

480 4218 556 4262 cum
578 4199 612 4261 in
633 4196 790 4282 plerisque
816 4201 1017 4267 conueniunt
1044 4197 1214 4285 theologiae
1258 4202 1374 4281 bitrio,
1398 4200 1438 4268 de
1452 4206 1570 4288 gratia,
1593 4202 1632 4271 de
1659 4208 1813 4290 peccatis,
1836 4224 1908 4270 tum
1927 4211 1999 4273 ori·

480 4280 662 4367 christianae
683 4281 756 4346 libri
780 4288 927 4371 quinque,
950 4307 1040 4371 quoo
1053 4288 1088 4351 in
1106 4287 1213 4352 lucem
1258 4289 1376 4440 {inam
1400 4307 1470 4354 tum
1496 4290 1681 4357 adualibus.
1733 4295 1771 4357 ln
1797 4294 1887 4356 tertio
1914 4292 2000 4359 libro

480 4363 702 4453 produxerunt
739 4392 963 4439 uonvnuvt
992 4392 1213 4453 mantuus,
1281 4378 1545 4444 eincarnatione
1571 4378 1660 4445 verbi
1694 4383 1782 4466 agit,
1818 4400 2001 4466 perquam

484 4454 520 4519 &
533 4466 704 4519 vasrnv's
727 4476 944 4527 tonitrubus
957 4461 992 4525 in
1006 4458 1144 4541 thrfiioro
1157 4480 1214 4522 no·
1262 4458 1365 4527 homo
1381 4472 1407 4527 'a
1430 4467 1565 4547 peccatis
1586 4466 1751 4546 liberetur,
1776 4464 1815 4532 de
1836 4462 1899 4533 fide
1914 4491 2000 4555 quo-

483 4558 523 4606 tto
538 4539 770 4627 anecdotorum,
785 4562 859 4617 tom.
876 4550 913 4619 V.
917 4565 1036 4635 propo.
1045 4549 1129 4636 seqq.
1152 4546 1218 4615 Eo·
1263 4569 1345 4637 que,
1377 4546 1417 4621 de
1442 4546 1623 4635 charitate,
1654 4556 1688 4626 dt
1712 4554 1840 4642 reliquis
1869 4558 1999 4712 virtqti-

1960 4661 2004 4709 us
