5259 5967
750 708 814 783 DE
833 705 1152 783 THEOLOGIA
1174 704 1407 781 merten
1432 704 1524 781 SEV
1544 705 1897 783 ooonn'trcn.
2020 734 2082 801 355

571 811 1238 837 *ι--ι--ὴ--ψ
1250 814 2076 835 ---------ι--ι--·--·-

570 846 725 941 trademur
748 846 997 935 Wittebergenli
1023 848 1147 928 docuit,
1185 852 1294 916 nomi·
1339 869 1449 913 curata
1464 851 1628 917 limulilier
1642 852 1704 939 iste,
1713 853 1745 937 ſs
1759 857 1852 938 recipi
1864 856 1980 920 deleat.
2003 863 2076 923 Non

575 948 677 1021 meque
719 934 936 1019 consequutus
974 935 1018 1003 est
1055 938 1292 1016 celebritatem,
1335 941 1462 1019 serium
1474 940 1659 1004 mentionem
1675 958 1850 1005 erratorum
1870 944 1903 1006 in
1918 942 2077 1028 uestibulo,

578 1032 693 1089 vern.
718 1042 913 1102 reserva,
952 1028 1006 1108 qul
1028 1022 1156 1108 spjlema
1174 1023 1299 1088 thetico-
1345 1028 1384 1096 (5
1404 1027 1628 1112 prolegomenis
1649 1030 1882 1109 occurrentium,
1921 1032 2076 1115 inquibus

576 1112 989 1195 exegeticumtorrcinrrauit,
1007 1108 1096 1195 quod
1120 1108 1190 1195 poll
1202 1109 1283 1176 dimi
1343 1115 1600 1197 excuſsandtssei'o,
1622 1118 1699 1199 quid
1715 1119 1859 1199 praetexi
1869 1116 1980 1198 soleat.
2026 1126 2075 1185 De

574 1184 616 1259 dii
632 1196 692 1263 sere
705 1196 821 1263 saeculi
836 1192 1001 1263 decursum
1026 1219 1062 1262 ex
1083 1199 1177 1263 variis
1197 1220 1297 1263 manu
1342 1200 1478 1285 imagine
1493 1204 1564 1279 Dei,
1595 1203 1689 1285 deque
1697 1220 1834 1285 peccaro,
1871 1206 1956 1267 tideo
1974 1207 2074 1270 multe

568 1272 698 1369 scriptis,
713 1281 883 1369 diligenter
907 1287 989 1349 inter
1004 1284 1032 1351 se
1044 1286 1182 1365 tollatis,
1197 1282 1296 1351 edidit
1340 1288 1384 1349 ud
1397 1287 1540 1370 polutum
1550 1288 1754 1375 papillarum
1768 1311 1848 1375 quae
1860 1293 1995 1355 cordatis
2007 1292 2072 1358 the.

563 1379 618 1437 10.
631 1392 690 1439 ors.
710 1389 984 1437 novnnunvs.
1051 1371 1224 1457 Spslernutis
1238 1395 1294 1437 au·
1339 1374 1433 1459 ologis
1450 1375 1582 1457 probari
1601 1397 1663 1441 oon
1686 1377 1815 1463 poffunt.
1870 1380 2023 1445 oretrinc
2037 1380 2074 1443 de

561 1464 630 1525 tem
644 1458 917 1545 rhetica-exegero}
936 1462 1071 1525 nomine
1093 1456 1191 1525 hocce
1213 1481 1295 1545 opus
1335 1460 1610 1545 pruednsinutione
1631 1468 1710 1529 redit
1724 1465 1919 1548 proponitur,
1938 1467 1996 1548 fiel
2013 1471 2072 1529 mi-

552 1550 657 1625 lleno,
673 1548 750 1632 quia
773 1544 956 1611 uniuersam
970 1542 1169 1611 theolooiam
1182 1550 1297 1615 auslor
1340 1570 1404 1626 ror,
1420 1547 1501 1613 bunc
1523 1549 1703 1614 locutionem
1721 1553 1871 1634 refirmari,
1898 1553 2071 1619 electionem

553 1622 626 1701 hoc
644 1631 759 1699 ordine
772 1628 912 1712 tradidit,
921 1650 955 1697 vt
971 1630 1067 1714 diua,
1089 1631 1159 1699 edes
1176 1631 1296 1701 doleri·
1340 1634 1474 1720 nostrum
1486 1635 1569 1700 nihil
1578 1637 1667 1701 uliud
1682 1637 1744 1722 effe,
1758 1658 1852 1721 quem
1869 1640 2019 1703 decretum
2032 1641 2070 1705 de

551 1736 678 1789 narum
691 1722 870 1806 complexa,
885 1741 922 1785 ex
936 1718 1048 1786 codice
1070 1721 1156 1785 sucro
1180 1726 1296 1787 utrius·
1339 1722 1442 1808 nostra
1451 1723 1574 1805 ficlccte3
1595 1746 1670 1789 norm
1691 1724 1795 1791 cledis
1809 1724 1848 1811 est
1859 1727 1953 1807 fedic
1963 1729 2071 1809 ficun-

549 1826 622 1895 que
646 1806 797 1887 sordetis,
817 1810 973 1874 centurias
999 1803 1203 1873 conficientia
1217 1831 1296 1896 qua·
1339 1812 1413 1875 dnm
1443 1812 1594 1873 decretum
1605 1812 1672 1895 ſsue
1695 1812 1883 1896 propofitnm
1896 1816 1968 1893 Dei,
1999 1830 2076 1878 tun·

551 1914 656 1978 tuor,
672 1893 887 1981 depromeret,
913 1893 1036 1974 selesta,
1061 1917 1108 1973 ea,
1136 1898 1209 1961 licet
1231 1897 1298 1981 ple·
1339 1918 1434 1982 quum
1460 1898 1605 1982 regulum.
1671 1902 1719 1961 De
1744 1900 1857 1963 vnione
1884 1898 2071 1985 lnpostuticu

555 2004 707 2069 tumque
727 1983 874 2063 breuius,
909 1983 1090 2068 explicaret,
1120 1984 1296 2066 vimque&
1340 1984 1491 2069 querelem
1508 1986 1627 2049 erudite
1646 1984 1837 2071 dffruntnr,
1867 1987 1924 2067 fid
1936 1989 1972 2049 de
1987 2009 2067 2053 com-

559 2064 752 2151 efficaciam,
775 2066 926 2157 dogmata
939 2068 1117 2155 probandi,
1139 2069 1214 2137 inde
1226 2090 1297 2137 eru·
1340 2072 1546 2135 munientione
1560 2072 1743 2135 idiomatum
1748 2075 1848 2154 firmo
1862 2074 1996 2140 lubricus
2017 2074 2065 2161 est,

558 2178 639 2245 eret.
1343 2161 1381 2229 θ’
1403 2159 1454 2223 ubi
1476 2159 1512 2221 de
1534 2158 1624 2243 officio
1647 2160 1842 2223 redemtionis
1862 2162 1978 2247 agitur,
2009 2166 2067 2247 pio

674 2246 763 2311 Inter
776 2264 841 2321 eos,
856 2245 971 2327 quibus
989 2241 1198 2320 vitiodatnm,
1208 2240 1297 2328 quod
1341 2266 1427 2311 mens
1439 2247 1621 2328 cccpuielcere
1633 2266 1696 2308 non
1706 2248 1799 2331 potest
1812 2250 1845 2310 in
1858 2268 1902 2328 eo,
1917 2250 1999 2331 quod
2009 2248 2066 2315 het.

562 2328 768 2403 scholasticae
785 2327 967 2417 theologiae
983 2334 1066 2415 plus,
1082 2352 1179 2416 quam
1194 2327 1294 2411 decet,
1338 2352 1451 2397 munte
1463 2348 1595 2394 staturae
1608 2334 1758 2397 tribuitur
1769 2350 1902 2413 tuntum,
1915 2337 1999 2418 quod
2009 2335 2067 2400 hce-

563 2422 748 2495 tribuerint,
764 2420 880 2485 &cum
892 2440 928 2483 ea
936 2438 1295 2504 erroresquoquequos-
1338 2440 1467 2483 menum
1477 2417 1525 2504 est,
1541 2439 1602 2481 non
1614 2422 1708 2501 fillo
1729 2422 1882 2483 mentione
1899 2422 2066 2484 communi-

565 2507 639 2577 lem
661 2503 901 2571 romanensium
920 2501 1155 2590 adoptauerint‚
1176 2508 1295 2572 eminet
1340 2507 1470 2569 cationis
1485 2508 1708 2589 operationum,
1725 2508 1815 2569 iuxta
1828 2527 1975 2570 cunonem
1993 2528 2064 2571 con-

512 2662 514 2680 :
564 2616 622 2664 or..
646 2614 864 2670 cnurxrvs,
886 2590 1145 2659 Helmlladiensrs
1168 2590 1296 2659 theolo-
1339 2593 1404 2656 cilis'
1426 2590 1678 2677 Chalcedonenfis.
1728 2596 1836 2677 Neque
1849 2593 1983 2677 probare
1997 2596 2066 2679 pos-

605 2705 631 2763 s,
651 2684 712 2760 vir,
749 2677 1001 2747 liertrditionem
1022 2678 1149 2764 speeies,
1172 2681 1297 2745 nemini
1330 2682 1401 2763 sum
1416 2680 1524 2744 nerle:
1545 2682 1688 2744 meritum
1702 2678 1812 2767 Christi
1827 2682 1877 2767 effe
1896 2680 2004 2764 eliqua
2026 2702 2065 2746 est

576 2764 738 2842 ecundusa
761 2764 825 2832 vid.
843 2786 927 2831 non.
955 2787 1173 2845 entorses,
1193 2765 1296 2851 hijieu.
1336 2784 1428 2851 parte
1447 2767 1612 2852 infinitum.
1656 2766 1867 2852 iustificationi
1904 2766 2065 2853 udſsgnnn-

553 2862 688 2942 pyetcret.
704 2874 728 2917 c.
751 2857 804 2919 VI.
812 2873 846 2937 p.
863 2854 927 2935 dep.
971 2850 1083 2920 Eidem
1100 2872 1296 2930 cruento,
1340 2872 1392 2917 rur
1408 2855 1487 2916 duee
1498 2868 1613 2936 partes,
1650 2851 1773 2937 remiffio
1783 2870 1987 2938 peccatorum,
2024 2858 2063 2926 θ’

562 2944 805 3029 exprobratum,
823 2937 911 3025 quod
923 2941 1061 3026 logicam
1080 2962 1117 3005 ac
1131 2940 1296 3025 metaphy-
1339 2940 1502 3025 imputatio
1518 2940 1649 3022 itcplitiue
1667 2940 1794 3024 Christi3
1816 2943 1905 3025 utqui
1923 2941 2066 3022 nonfient

562 3029 662 3103 licam
680 3028 780 3115 pluris
798 3026 921 3105 faceret,
944 3049 1042 3113 quam
1065 3027 1197 3113 linguas,
1220 3028 1297 3091 sacri
1338 3028 1410 3092 illue
1432 3027 1565 3107 dinerstre
1582 3044 1699 3110 portes,
1712 3029 1768 3109 sed
1784 3030 1838 3111 qui
1856 3048 1956 3093 vntum
1977 3028 2064 3110 dicit,

563 3116 686 3185 codicis
700 3117 960 3200 interpretationi
973 3114 1188 3193 inseruimus,
1203 3114 1297 3199 supra
1337 3113 1565 3194 dicitulterum,
1580 3116 1737 3193 nimirum,
1750 3112 1869 3199 rems'ffis
1880 3116 2066 3198 peccetisiu-

564 3208 633 3273 iam
651 3202 905 3282 obscenissimus,
927 3196 969 3267 ad
985 3218 1071 3285 pert.
1089 3204 1116 3265 t.
1140 3222 1165 3265 c.
1188 3205 1246 3265 IV.
1262 3210 1295 3279 5.
1330 3201 1614 3288 sliriuimpectntur,
1633 3203 1672 3273 cs
1686 3203 1730 3265 im
1750 3218 1841 3265 utute
1853 3200 1980 3289 iustitia,
1993 3219 2064 3287 pec.

565 3296 626 3363 VI.
673 3290 795 3356 Praeter
808 3288 869 3352 alia
882 3309 959 3354 vero
967 3292 1115 3372 epitomen
1129 3287 1297 3375 theologiae
1339 3305 1410 3351 ectu
1424 3290 1634 3353 remittuntur.
1736 3310 1802 3369 aec,
1821 3290 1946 3374 aliaque
1957 3290 1992 3353 in
2004 3286 2063 3355 isla

564 3380 624 3447 scri
652 3374 700 3456 srt,
713 3398 795 3461 quae
816 3377 957 3460 primum
976 3378 1057 3455 1619
1078 3371 1216 3458 prodiit3
1236 3395 1297 3438 no·
1342 3396 1510 3440 cnorxrr
1523 3376 1651 3457 epitome
1666 3372 1817 3441 desiderat
1832 3396 2066 3451 nunetensi

565 3398 727 3533 uilllmam
741 3482 819 3528 vero
835 3460 1020 3540 editionem,
1035 3482 1116 3545 quae
1136 3458 1297 3526 Helmstn·
1341 3463 1430 3528 cuius
1446 3458 1565 3525 hancce
1587 3469 1701 3532 tetresse
1722 3482 1759 3525 ex
1781 3483 1824 3527 ro.
1847 3483 2067 3538 ns'tsennunr

566 3552 615 3619 dii
636 3554 716 3617 1661
729 3546 1160 3615 cumdeclaratiooeornu.
1174 3566 1314 3627 rrrtr,·
1338 3546 1447 3631 dinlsjs
1455 3546 1601 3631 apologet.
1617 3545 1765 3626 protdem.
1788 3547 1900 3612 Culixt.
1916 3549 1952 3609 de
1964 3547 2067 3633 myste-

566 3642 676 3706 lucem
690 3633 841 3719 adspexit,
869 3637 1029 3720 prioribus
1053 3636 1151 3721 longe
1164 3632 1297 3700 adcura·
1340 3636 1386 3698 rio
1399 3634 1552 3697 trinitatis
1561 3634 1696 3715 praefer.
1707 3652 1740 3717 p.
1756 3652 1815 3697 201.
1831 3632 1922 3699 resert
1938 3654 1992 3699 nn
2002 3654 2023 3698 o
2033 3654 2067 3701 a.

567 3730 688 3793 tiorem
701 3724 770 3803 elle,
783 3740 876 3786 notar
891 3743 936 3787 ro.
956 3743 1003 3787 rr
1016 3744 1032 3787 r
1043 3743 1193 3801 trictvs,
1207 3719 1298 3787 inbi-
1342 3741 1388 3787 cr
1399 3741 1513 3795 nourr
1536 3721 1569 3785 in
1583 3720 1805 3785 memorabilis.
1826 3718 1973 3805 ecclefiest.
1986 3723 2067 3802 suec.

560 3812 639 3901 flor.
652 3808 825 3876 bibliothec.
849 3809 967 3872 Fulcrie.
976 3825 1010 3892 p.
1025 3813 1068 3874 ΙΙ.
1082 3827 1115 3892 p.
1130 3829 1199 3891 ²94·
1255 3809 1300 3873 At
1342 3812 1446 3875 XVII.
1460 3806 1514 3871 lt'lr.
1529 3809 1586 3872 tlt.
1601 3826 1625 3871 c.
1642 3810 1677 3871 V.
1690 3825 1723 3892 p.
1736 3828 1801 3892 517.
1821 3828 1866 3873 ro.
1887 3824 1992 3873 autem
2013 3826 2069 3873 rs·
2168 3812 2173 3821 '

571 3920 641 3967 non
655 3898 804 3963 omnibns
820 3894 899 3960 haec
913 3897 1040 3979 epitome
1061 3895 1190 3979 placuit.
1235 3894 1300 3960 Pri·
1344 3914 1480 3972 arreins,
1494 3891 1660 3979 theologus
1681 3893 1793 3960 itidem
1809 3890 2067 3960 Helmlladiensrs

571 4008 646 4053 mus
660 3983 701 4052 de
715 4005 753 4049 ea
765 3983 955 4049 sententiam
976 3979 1055 4047 dixit
1070 4004 1190 4048 ontru.
1210 4003 1300 4047 nru-
1345 3975 1552 4061 dudlilsrmus‚
1569 3998 1692 4057 monet,
1721 3980 1825 4066 ipsum
1845 4001 2067 4055 enurxrvrt

568 4094 680 4154 acnvs,
712 4072 881 4155 theologus
909 4065 1088 4147 elenensis,
1128 4072 1164 4135 in
1191 4071 1301 4134 litteris
1346 4067 1428 4135 hanc
1449 4071 1613 4153 epitomen
1631 4088 1685 4131 nec
1705 4072 1863 4153 recognoui
1884 4091 1910 4149 e,
1931 4087 1985 4132 nec
2005 4068 2069 4131 edi·

571 4164 661 4231 1620
676 4156 718 4224 ad
730 4178 881 4244 generum
900 4156 993 4221 suum
1010 4175 1113 4223 nent.
1127 4176 1301 4222 vrorovn-
1344 4156 1424 4242 diffe,
1435 4156 1492 4237 sed
1511 4176 1564 4218 nec
1590 4154 1772 4241 retruilcffi.
1840 4159 1927 4221 lem
1955 4174 2067 4241 porro,

570 4268 672 4325 otuu,
696 4263 774 4311 tunc
789 4244 880 4308 aulae
899 4241 1167 4331 Guelferbytanae
1190 4244 1302 4307 correi·
1346 4264 1421 4309 cum
1433 4242 1656 4313 Menzerianae
1669 4238 1755 4307 istius
1772 4252 1909 4317 tunetunc
1930 4245 2070 4309 mentio·

570 4353 746 4403 onatorem
767 4330 966 4415 primarium,
986 4328 1077 4396 datis.
1144 4326 1302 4397 Animad·
1346 4351 1445 4397 onem
1459 4327 1592 4409 fecisset,
1630 4327 1788 4409 obseruat,
1806 4329 1973 4413 epitomen
1981 4326 2070 4401 hane

573 4419 698 4489 uuuffe
711 4420 743 4485 se
757 4421 793 4484 in
806 4439 843 4485 ea
856 4415 947 4483 dotes
963 4414 1048 4483 haud
1067 4416 1223 4504 vulgares.
1242 4418 1301 4496 ait,
1347 4436 1529 4496 cruram,
1545 4436 1613 4481 non
1626 4415 1731 4484 solum
1750 4438 1769 4481 a
1788 4434 1907 4483 roten.
1923 4438 2024 4487 struo
2036 4439 2070 4493 ‚e-

572 4504 627 4577 sed
658 4508 691 4577 te
715 4502 844 4590 vestigia
865 4501 1017 4590 adparere
1045 4525 1189 4571 errorum
1213 4500 1301 4571 haud
1346 4524 1520 4571 ornnoo
1535 4500 1666 4580 laudari,
1681 4501 1730 4569 sed
1744 4505 1779 4570 ἀ
1792 4504 1832 4569 ab
1850 4501 1917 4589 ipso
1930 4524 1975 4577 ro.
1987 4525 2071 4572 nur.-

567 4616 735 4685 quaquam
743 4595 875 4661 leuium.
922 4592 1302 4681 Opus‚inquit,bcletot-
1344 4589 2075 4747 seneupminmethodopsudt'ithtsloge'cipiapr.

1499 4696 1564 4765 Η
2005 4699 2074 4764 qur-
