<?xml version="1.0" encoding="UTF-8"?>
<!DOCTYPE html PUBLIC "-//W3C//DTD XHTML 1.0 Transitional//EN"
    "http://www.w3.org/TR/xhtml1/DTD/xhtml1-transitional.dtd">
<html xmlns="http://www.w3.org/1999/xhtml" xml:lang="en" lang="en">
 <head>
  <title>
</title>
<meta http-equiv="Content-Type" content="text/html;charset=utf-8" />
  <meta name='ocr-system' content='tesseract 3.04.00' />
  <meta name='ocr-capabilities' content='ocr_page ocr_carea ocr_par ocr_line ocrx_word'/>
</head>
<body>
  <div class='ocr_page' id='page_1' title='image "./iofranciscibvdd00buddgoog_0381.png"; bbox 0 0 5259 5967; ppageno 0'>
   <div class='ocr_carea' id='block_1_1' title="bbox 631 684 2085 817">
    <p class='ocr_par' dir='ltr' id='par_1_1' title="bbox 631 684 2085 817">
     <span class='ocr_line' id='line_1_1' title="bbox 631 684 2085 817; baseline 0.025 -36"><span class='ocrx_word' id='word_1_1' title='bbox 631 711 635 720; x_wconf 90' lang='grc'><em>·</em></span> <span class='ocrx_word' id='word_1_2' title='bbox 676 684 695 731; x_wconf 79' lang='grc'>’·</span> <span class='ocrx_word' id='word_1_3' title='bbox 751 722 814 789; x_wconf 74' lang='lat' dir='ltr'>oi</span> <span class='ocrx_word' id='word_1_4' title='bbox 836 717 1152 792; x_wconf 77' lang='lat' dir='ltr'>rnuotoorn</span> <span class='ocrx_word' id='word_1_5' title='bbox 1174 726 1413 795; x_wconf 74' lang='lat' dir='ltr'>merten</span> <span class='ocrx_word' id='word_1_6' title='bbox 1444 728 1536 794; x_wconf 76' lang='lat' dir='ltr'>sur</span> <span class='ocrx_word' id='word_1_7' title='bbox 1564 728 1908 799; x_wconf 79' lang='lat' dir='ltr'>ooonrnrrcrr.</span> <span class='ocrx_word' id='word_1_8' title='bbox 2022 753 2085 817; x_wconf 85' lang='lat'>359</span> 
     </span>
    </p>
   </div>
   <div class='ocr_carea' id='block_1_2' title="bbox 550 862 2074 4853">
    <p class='ocr_par' dir='ltr' id='par_1_2' title="bbox 550 862 2074 4789">
     <span class='ocr_line' id='line_1_2' title="bbox 558 862 2074 952; baseline 0.003 -19"><span class='ocrx_word' id='word_1_9' title='bbox 558 862 769 933; x_wconf 84' lang='lat' dir='ltr'>scholaslicae</span> <span class='ocrx_word' id='word_1_10' title='bbox 803 864 916 928; x_wconf 82' lang='lat' dir='ltr'>abusus</span> <span class='ocrx_word' id='word_1_11' title='bbox 947 864 1143 951; x_wconf 73' lang='lat' dir='ltr'>conspicitur</span> <span class='ocrx_word' id='word_1_12' title='bbox 1175 871 1210 931; x_wconf 88' lang='lat' dir='ltr'>in</span> <span class='ocrx_word' id='word_1_13' title='bbox 1248 887 1300 933; x_wconf 83' lang='grc' dir='ltr'>ιο.</span> <span class='ocrx_word' id='word_1_14' title='bbox 1345 888 1415 931; x_wconf 86' lang='lat' dir='ltr'>non</span> <span class='ocrx_word' id='word_1_15' title='bbox 1431 869 1560 931; x_wconf 87' lang='lat' dir='ltr'>nimius.</span> <span class='ocrx_word' id='word_1_16' title='bbox 1604 866 1768 952; x_wconf 88' lang='lat' dir='ltr'>Perspicue</span> <span class='ocrx_word' id='word_1_17' title='bbox 1784 869 1818 935; x_wconf 88' lang='lat'>&amp;</span> <span class='ocrx_word' id='word_1_18' title='bbox 1837 870 1970 935; x_wconf 90' lang='lat' dir='ltr'>neruose</span> <span class='ocrx_word' id='word_1_19' title='bbox 1993 894 2074 937; x_wconf 89' lang='lat' dir='ltr'>con·</span> 
     </span>
     <span class='ocr_line' id='line_1_3' title="bbox 559 950 2069 1040; baseline 0.002 -19"><span class='ocrx_word' id='word_1_20' title='bbox 559 970 783 1021; x_wconf 71' lang='lat' dir='ltr'>euinceret</span> <span class='ocrx_word' id='word_1_21' title='bbox 817 970 1038 1032; x_wconf 79' lang='lat' dir='ltr'>nuenton,</span> <span class='ocrx_word' id='word_1_22' title='bbox 1069 950 1214 1039; x_wconf 77' lang='lat' dir='ltr'>theologi</span> <span class='ocrx_word' id='word_1_23' title='bbox 1235 958 1299 1040; x_wconf 90' lang='lat' dir='ltr'>pti·</span> <span class='ocrx_word' id='word_1_24' title='bbox 1345 952 1515 1019; x_wconf 85' lang='lat' dir='ltr'>ttoutrsiae</span> <span class='ocrx_word' id='word_1_25' title='bbox 1543 974 1617 1019; x_wconf 91' lang='lat' dir='ltr'>cum</span> <span class='ocrx_word' id='word_1_26' title='bbox 1644 954 1796 1019; x_wconf 88' lang='lat' dir='ltr'>omnibus</span> <span class='ocrx_word' id='word_1_27' title='bbox 1817 952 2069 1023; x_wconf 77' lang='lat' dir='ltr'>dissentientibus</span> 
     </span>
     <span class='ocr_line' id='line_1_4' title="bbox 559 1035 2071 1125; baseline 0.003 -18"><span class='ocrx_word' id='word_1_28' title='bbox 559 1060 660 1107; x_wconf 86' lang='lat' dir='ltr'>mum</span> <span class='ocrx_word' id='word_1_29' title='bbox 683 1035 864 1125; x_wconf 84' lang='lat' dir='ltr'>Gryphici,</span> <span class='ocrx_word' id='word_1_30' title='bbox 890 1036 1018 1104; x_wconf 89' lang='lat' dir='ltr'>tandem</span> <span class='ocrx_word' id='word_1_31' title='bbox 1045 1036 1298 1121; x_wconf 84' lang='lat' dir='ltr'>Rostochiensts,</span> <span class='ocrx_word' id='word_1_32' title='bbox 1343 1042 1383 1105; x_wconf 88' lang='lat' dir='ltr'>ab</span> <span class='ocrx_word' id='word_1_33' title='bbox 1400 1063 1439 1108; x_wconf 84' lang='lat' dir='ltr'>eo</span> <span class='ocrx_word' id='word_1_34' title='bbox 1455 1040 1641 1121; x_wconf 68' lang='lat' dir='ltr'>tradantur,</span> <span class='ocrx_word' id='word_1_35' title='bbox 1658 1044 1814 1106; x_wconf 86' lang='lat' dir='ltr'>maiorem</span> <span class='ocrx_word' id='word_1_36' title='bbox 1829 1041 1934 1109; x_wconf 88' lang='lat' dir='ltr'>adhuc</span> <span class='ocrx_word' id='word_1_37' title='bbox 1943 1044 2071 1111; x_wconf 84' lang='lat' dir='ltr'>laudem</span> 
     </span>
     <span class='ocr_line' id='line_1_5' title="bbox 560 1124 2068 1213; baseline 0.003 -20"><span class='ocrx_word' id='word_1_38' title='bbox 560 1126 720 1213; x_wconf 76' lang='lat' dir='ltr'><em>theologia</em></span> <span class='ocrx_word' id='word_1_39' title='bbox 729 1124 862 1209; x_wconf 76' lang='lat' dir='ltr'>posttiuo</span> <span class='ocrx_word' id='word_1_40' title='bbox 875 1128 1102 1207; x_wconf 63' lang='lat' dir='ltr'>aromatica,</span> <span class='ocrx_word' id='word_1_41' title='bbox 1127 1126 1299 1195; x_wconf 85' lang='lat' dir='ltr'>Rollochii</span> <span class='ocrx_word' id='word_1_42' title='bbox 1343 1128 1492 1203; x_wconf 87' lang='lat' dir='ltr'>relaturo,</span> <span class='ocrx_word' id='word_1_43' title='bbox 1510 1125 1531 1192; x_wconf 92' lang='lat' dir='ltr'>st</span> <span class='ocrx_word' id='word_1_44' title='bbox 1545 1130 1579 1193; x_wconf 94' lang='lat' dir='ltr'>in</span> <span class='ocrx_word' id='word_1_45' title='bbox 1598 1126 1746 1213; x_wconf 68' lang='lat' dir='ltr'>augendo</span> <span class='ocrx_word' id='word_1_46' title='bbox 1759 1127 1993 1197; x_wconf 86' lang='lat' dir='ltr'>haereticorum</span> <span class='ocrx_word' id='word_1_47' title='bbox 2008 1154 2068 1197; x_wconf 92' lang='lat' dir='ltr'>nn-</span> 
     </span>
     <span class='ocr_line' id='line_1_6' title="bbox 562 1210 2066 1304; baseline 0.003 -25"><span class='ocrx_word' id='word_1_48' title='bbox 562 1216 709 1304; x_wconf 89' lang='lat' dir='ltr'>ptimum</span> <span class='ocrx_word' id='word_1_49' title='bbox 721 1235 775 1277; x_wconf 88' lang='lat' dir='ltr'>an.</span> <span class='ocrx_word' id='word_1_50' title='bbox 794 1214 878 1294; x_wconf 77' lang='lat'>1664</span> <span class='ocrx_word' id='word_1_51' title='bbox 893 1214 927 1279; x_wconf 91' lang='lat'>&amp;</span> <span class='ocrx_word' id='word_1_52' title='bbox 941 1210 1056 1279; x_wconf 90' lang='lat' dir='ltr'>deinde</span> <span class='ocrx_word' id='word_1_53' title='bbox 1071 1214 1193 1299; x_wconf 86' lang='lat' dir='ltr'>saepius</span> <span class='ocrx_word' id='word_1_54' title='bbox 1203 1214 1297 1281; x_wconf 86' lang='lat' dir='ltr'>edita.</span> <span class='ocrx_word' id='word_1_55' title='bbox 1341 1236 1433 1279; x_wconf 89' lang='lat' dir='ltr'>meto</span> <span class='ocrx_word' id='word_1_56' title='bbox 1449 1218 1574 1299; x_wconf 80' lang='lat' dir='ltr'>parcior</span> <span class='ocrx_word' id='word_1_57' title='bbox 1593 1215 1705 1293; x_wconf 80' lang='lat' dir='ltr'>t&#39;uitsct,</span> <span class='ocrx_word' id='word_1_58' title='bbox 1725 1238 1783 1281; x_wconf 89' lang='lat' dir='ltr'>nec</span> <span class='ocrx_word' id='word_1_59' title='bbox 1805 1213 1911 1281; x_wconf 86' lang='lat' dir='ltr'>llatim</span> <span class='ocrx_word' id='word_1_60' title='bbox 1930 1240 2066 1303; x_wconf 79' lang='lat' dir='ltr'>magnos</span> 
     </span>
     <span class='ocr_line' id='line_1_7' title="bbox 561 1296 2066 1388; baseline 0.002 -20"><span class='ocrx_word' id='word_1_61' title='bbox 561 1302 677 1369; x_wconf 83' lang='lat' dir='ltr'>Paucis</span> <span class='ocrx_word' id='word_1_62' title='bbox 692 1296 823 1385; x_wconf 89' lang='lat' dir='ltr'>quidem</span> <span class='ocrx_word' id='word_1_63' title='bbox 845 1301 879 1366; x_wconf 91' lang='lat'>&amp;</span> <span class='ocrx_word' id='word_1_64' title='bbox 898 1300 1044 1381; x_wconf 90' lang='lat' dir='ltr'>neruose,</span> <span class='ocrx_word' id='word_1_65' title='bbox 1066 1303 1168 1368; x_wconf 83' lang='lat' dir='ltr'>multa</span> <span class='ocrx_word' id='word_1_66' title='bbox 1184 1304 1297 1370; x_wconf 74' lang='lat' dir='ltr'>auctor</span> <span class='ocrx_word' id='word_1_67' title='bbox 1342 1300 1485 1367; x_wconf 82' lang='lat' dir='ltr'>ecclesiae</span> <span class='ocrx_word' id='word_1_68' title='bbox 1509 1300 1632 1367; x_wconf 83' lang='lat' dir='ltr'>noslrae</span> <span class='ocrx_word' id='word_1_69' title='bbox 1659 1302 1846 1388; x_wconf 80' lang='lat' dir='ltr'>theologos,</span> <span class='ocrx_word' id='word_1_70' title='bbox 1891 1306 1934 1369; x_wconf 95' lang='lat' dir='ltr'>ob</span> <span class='ocrx_word' id='word_1_71' title='bbox 1962 1308 2066 1371; x_wconf 88' lang='lat' dir='ltr'>leuem</span> 
     </span>
     <span class='ocr_line' id='line_1_8' title="bbox 560 1383 2069 1475; baseline 0.001 -19"><span class='ocrx_word' id='word_1_72' title='bbox 560 1388 751 1473; x_wconf 82' lang='lat' dir='ltr'>complexus</span> <span class='ocrx_word' id='word_1_73' title='bbox 764 1383 832 1459; x_wconf 79' lang='lat' dir='ltr'>est3</span> <span class='ocrx_word' id='word_1_74' title='bbox 853 1384 906 1453; x_wconf 92' lang='lat' dir='ltr'>sed</span> <span class='ocrx_word' id='word_1_75' title='bbox 925 1408 983 1472; x_wconf 90' lang='lat' dir='ltr'>per</span> <span class='ocrx_word' id='word_1_76' title='bbox 1003 1390 1140 1454; x_wconf 91' lang='lat' dir='ltr'>nimium</span> <span class='ocrx_word' id='word_1_77' title='bbox 1160 1391 1295 1457; x_wconf 88' lang='lat' dir='ltr'>breuita-</span> <span class='ocrx_word' id='word_1_78' title='bbox 1339 1386 1512 1474; x_wconf 76' lang='lat' dir='ltr'>quemdam</span> <span class='ocrx_word' id='word_1_79' title='bbox 1533 1410 1552 1453; x_wconf 86' lang='lat' dir='ltr'>a</span> <span class='ocrx_word' id='word_1_80' title='bbox 1575 1388 1878 1475; x_wconf 77' lang='lat' dir='ltr'>Wittebergensibus</span> <span class='ocrx_word' id='word_1_81' title='bbox 1899 1390 2069 1458; x_wconf 71' lang='lat' dir='ltr'>dissensum</span> 
     </span>
     <span class='ocr_line' id='line_1_9' title="bbox 560 1470 2065 1561; baseline 0.001 -18"><span class='ocrx_word' id='word_1_82' title='bbox 560 1478 653 1545; x_wconf 85' lang='lat' dir='ltr'>tis&amp;</span> <span class='ocrx_word' id='word_1_83' title='bbox 669 1486 790 1561; x_wconf 58' lang='lat' dir='ltr'>opple,</span> <span class='ocrx_word' id='word_1_84' title='bbox 805 1470 945 1540; x_wconf 84' lang='lat' dir='ltr'>studium</span> <span class='ocrx_word' id='word_1_85' title='bbox 961 1473 1081 1555; x_wconf 85' lang='lat' dir='ltr'>effecit,</span> <span class='ocrx_word' id='word_1_86' title='bbox 1104 1497 1139 1542; x_wconf 87' lang='lat' dir='ltr'>vt</span> <span class='ocrx_word' id='word_1_87' title='bbox 1158 1478 1296 1543; x_wconf 85' lang='lat' dir='ltr'>sceleton</span> <span class='ocrx_word' id='word_1_88' title='bbox 1340 1478 1375 1540; x_wconf 89' lang='lat' dir='ltr'>in</span> <span class='ocrx_word' id='word_1_89' title='bbox 1389 1470 1533 1542; x_wconf 82' lang='lat' dir='ltr'>antithesi</span> <span class='ocrx_word' id='word_1_90' title='bbox 1552 1474 1750 1556; x_wconf 76' lang='lat' dir='ltr'>collocasset,</span> <span class='ocrx_word' id='word_1_91' title='bbox 1786 1495 1841 1541; x_wconf 90' lang='lat' dir='ltr'>aut</span> <span class='ocrx_word' id='word_1_92' title='bbox 1864 1473 2001 1543; x_wconf 89' lang='lat' dir='ltr'>omnino</span> <span class='ocrx_word' id='word_1_93' title='bbox 2026 1482 2065 1543; x_wconf 84' lang='lat' dir='ltr'>iis</span> 
     </span>
     <span class='ocr_line' id='line_1_10' title="bbox 561 1558 2066 1651; baseline 0.001 -21"><span class='ocrx_word' id='word_1_94' title='bbox 561 1558 699 1651; x_wconf 82' lang='lat' dir='ltr'>aliquod</span> <span class='ocrx_word' id='word_1_95' title='bbox 714 1558 892 1642; x_wconf 82' lang='lat' dir='ltr'>exhiberet,</span> <span class='ocrx_word' id='word_1_96' title='bbox 906 1561 1002 1627; x_wconf 89' lang='lat' dir='ltr'>succo</span> <span class='ocrx_word' id='word_1_97' title='bbox 1017 1566 1107 1627; x_wconf 92' lang='lat' dir='ltr'>omni</span> <span class='ocrx_word' id='word_1_98' title='bbox 1124 1586 1161 1629; x_wconf 86' lang='lat' dir='ltr'>ac</span> <span class='ocrx_word' id='word_1_99' title='bbox 1171 1564 1295 1650; x_wconf 74' lang='lat' dir='ltr'>singni-</span> <span class='ocrx_word' id='word_1_100' title='bbox 1340 1559 1461 1647; x_wconf 87' lang='lat' dir='ltr'>aliquid</span> <span class='ocrx_word' id='word_1_101' title='bbox 1475 1561 1673 1641; x_wconf 78' lang='lat' dir='ltr'>attribuisset,</span> <span class='ocrx_word' id='word_1_102' title='bbox 1692 1561 1780 1647; x_wconf 91' lang='lat' dir='ltr'>quod</span> <span class='ocrx_word' id='word_1_103' title='bbox 1791 1564 1854 1629; x_wconf 86' lang='lat' dir='ltr'>illis</span> <span class='ocrx_word' id='word_1_104' title='bbox 1872 1568 1905 1630; x_wconf 90' lang='lat' dir='ltr'>in</span> <span class='ocrx_word' id='word_1_105' title='bbox 1920 1582 2066 1632; x_wconf 87' lang='lat' dir='ltr'>mentem</span> 
     </span>
     <span class='ocr_line' id='line_1_11' title="bbox 558 1648 2064 1737; baseline -0.001 -19"><span class='ocrx_word' id='word_1_106' title='bbox 558 1674 602 1719; x_wconf 90' lang='lat' dir='ltr'>ne</span> <span class='ocrx_word' id='word_1_107' title='bbox 617 1648 815 1717; x_wconf 87' lang='lat' dir='ltr'>destitutum.</span> <span class='ocrx_word' id='word_1_108' title='bbox 858 1648 1049 1727; x_wconf 81' lang='lat' dir='ltr'>Terminus,</span> <span class='ocrx_word' id='word_1_109' title='bbox 1065 1672 1147 1736; x_wconf 88' lang='lat' dir='ltr'>quos</span> <span class='ocrx_word' id='word_1_110' title='bbox 1164 1670 1294 1733; x_wconf 86' lang='lat' dir='ltr'>vocant,</span> <span class='ocrx_word' id='word_1_111' title='bbox 1340 1671 1409 1714; x_wconf 91' lang='lat' dir='ltr'>non</span> <span class='ocrx_word' id='word_1_112' title='bbox 1432 1652 1528 1715; x_wconf 86' lang='lat' dir='ltr'>venit.</span> <span class='ocrx_word' id='word_1_113' title='bbox 1594 1651 1632 1715; x_wconf 89' lang='lat' dir='ltr'>ln</span> <span class='ocrx_word' id='word_1_114' title='bbox 1651 1648 1771 1716; x_wconf 85' lang='lat' dir='ltr'>lenensi</span> <span class='ocrx_word' id='word_1_115' title='bbox 1794 1648 1930 1737; x_wconf 88' lang='lat' dir='ltr'>denique</span> <span class='ocrx_word' id='word_1_116' title='bbox 1957 1650 2064 1719; x_wconf 88' lang='lat' dir='ltr'>nostra</span> 
     </span>
     <span class='ocr_line' id='line_1_12' title="bbox 558 1731 2065 1823; baseline -0.002 -17"><span class='ocrx_word' id='word_1_117' title='bbox 558 1731 1294 1823; x_wconf 80' lang='lat' dir='ltr'>metaphyficos,smenecessitatecumulat,in-</span> <span class='ocrx_word' id='word_1_118' title='bbox 1338 1734 1499 1802; x_wconf 81' lang='lat' dir='ltr'>academia</span> <span class='ocrx_word' id='word_1_119' title='bbox 1535 1738 1646 1803; x_wconf 77' lang='lat' dir='ltr'>beatus</span> <span class='ocrx_word' id='word_1_120' title='bbox 1673 1758 1725 1802; x_wconf 89' lang='lat' dir='ltr'>to.</span> <span class='ocrx_word' id='word_1_121' title='bbox 1756 1757 1863 1804; x_wconf 83' lang='lat' dir='ltr'>ovrt.</span> <span class='ocrx_word' id='word_1_122' title='bbox 1890 1756 2065 1808; x_wconf 75' lang='lat' dir='ltr'>unteuvs</span> 
     </span>
     <span class='ocr_line' id='line_1_13' title="bbox 559 1821 2064 1909; baseline -0.002 -15"><span class='ocrx_word' id='word_1_123' title='bbox 559 1824 692 1894; x_wconf 84' lang='lat' dir='ltr'>tetdum</span> <span class='ocrx_word' id='word_1_124' title='bbox 705 1844 765 1887; x_wconf 89' lang='lat' dir='ltr'>nec</span> <span class='ocrx_word' id='word_1_125' title='bbox 777 1822 860 1889; x_wconf 75' lang='lat' dir='ltr'>redte</span> <span class='ocrx_word' id='word_1_126' title='bbox 874 1821 1029 1909; x_wconf 84' lang='lat' dir='ltr'>adplicat,</span> <span class='ocrx_word' id='word_1_127' title='bbox 1054 1826 1129 1891; x_wconf 89' lang='lat' dir='ltr'>hinc</span> <span class='ocrx_word' id='word_1_128' title='bbox 1144 1828 1249 1891; x_wconf 86' lang='lat' dir='ltr'>litibus</span> <span class='ocrx_word' id='word_1_129' title='bbox 1258 1848 1294 1892; x_wconf 88' lang='lat' dir='ltr'>ac</span> <span class='ocrx_word' id='word_1_130' title='bbox 1337 1826 1547 1907; x_wconf 77' lang='lat' dir='ltr'>compendium</span> <span class='ocrx_word' id='word_1_131' title='bbox 1561 1823 1652 1890; x_wconf 83' lang='lat' dir='ltr'>theol.</span> <span class='ocrx_word' id='word_1_132' title='bbox 1665 1824 1825 1909; x_wconf 74' lang='lat' dir='ltr'>pestilerae,</span> <span class='ocrx_word' id='word_1_133' title='bbox 1839 1848 1875 1891; x_wconf 85' lang='lat' dir='ltr'>ex</span> <span class='ocrx_word' id='word_1_134' title='bbox 1899 1824 2064 1893; x_wconf 81' lang='lat' dir='ltr'>uisttollu-</span> 
     </span>
     <span class='ocr_line' id='line_1_14' title="bbox 556 1846 2064 2001; baseline -0.002 -21"><span class='ocrx_word' id='word_1_135' title='bbox 556 1911 811 2001; x_wconf 77' lang='lat' dir='ltr'>quaestionibus,</span> <span class='ocrx_word' id='word_1_136' title='bbox 831 1906 911 1977; x_wconf 88' lang='lat' dir='ltr'>nihil</span> <span class='ocrx_word' id='word_1_137' title='bbox 935 1910 1101 1977; x_wconf 87' lang='lat' dir='ltr'>commodi</span> <span class='ocrx_word' id='word_1_138' title='bbox 1122 1911 1291 1979; x_wconf 80' lang='lat' dir='ltr'>alt&#39;ercnti-</span> <span class='ocrx_word' id='word_1_139' title='bbox 1338 1911 1392 1978; x_wconf 81' lang='lat' dir='ltr'>clio</span> <span class='ocrx_word' id='word_1_140' title='bbox 1407 1910 1634 1995; x_wconf 87' lang='lat' dir='ltr'>conscriptum,</span> <span class='ocrx_word' id='word_1_141' title='bbox 1648 1911 1787 1997; x_wconf 90' lang='lat' dir='ltr'>reliquit,</span> <span class='ocrx_word' id='word_1_142' title='bbox 1810 1846 1899 1997; x_wconf 74' lang='lat' dir='ltr'>quod</span> <span class='ocrx_word' id='word_1_143' title='bbox 1930 1918 2064 1980; x_wconf 84' lang='lat' dir='ltr'>nimum</span> 
     </span>
     <span class='ocr_line' id='line_1_15' title="bbox 557 1936 2065 2085; baseline -0.002 -15"><span class='ocrx_word' id='word_1_144' title='bbox 557 2004 631 2081; x_wconf 83' lang='lat' dir='ltr'>hus,</span> <span class='ocrx_word' id='word_1_145' title='bbox 646 1992 848 2063; x_wconf 72' lang='lat' dir='ltr'>occasionem</span> <span class='ocrx_word' id='word_1_146' title='bbox 873 2000 1013 2083; x_wconf 85' lang='lat' dir='ltr'>praebet,</span> <span class='ocrx_word' id='word_1_147' title='bbox 1034 2001 1068 2063; x_wconf 93' lang='lat' dir='ltr'>in</span> <span class='ocrx_word' id='word_1_148' title='bbox 1089 2001 1290 2084; x_wconf 78' lang='lat' dir='ltr'>probationi·</span> <span class='ocrx_word' id='word_1_149' title='bbox 1334 2020 1386 2063; x_wconf 84' lang='lat' dir='ltr'>att.</span> <span class='ocrx_word' id='word_1_150' title='bbox 1406 2002 1499 2075; x_wconf 77' lang='lat'>1686,</span> <span class='ocrx_word' id='word_1_151' title='bbox 1515 2010 1544 2069; x_wconf 88' lang='lat'>8.</span> <span class='ocrx_word' id='word_1_152' title='bbox 1565 1995 1696 2083; x_wconf 88' lang='lat' dir='ltr'>prodiit,</span> <span class='ocrx_word' id='word_1_153' title='bbox 1716 2020 1775 2065; x_wconf 90' lang='lat' dir='ltr'>nec</span> <span class='ocrx_word' id='word_1_154' title='bbox 1796 1998 1888 2067; x_wconf 88' lang='lat' dir='ltr'>semel</span> <span class='ocrx_word' id='word_1_155' title='bbox 1914 1936 2065 2085; x_wconf 74' lang='lat' dir='ltr'>deinceps</span> 
     </span>
     <span class='ocr_line' id='line_1_16' title="bbox 558 2080 2064 2174; baseline -0.002 -19"><span class='ocrx_word' id='word_1_156' title='bbox 558 2090 621 2155; x_wconf 86' lang='lat' dir='ltr'>bus</span> <span class='ocrx_word' id='word_1_157' title='bbox 634 2082 767 2151; x_wconf 86' lang='lat' dir='ltr'>subinde</span> <span class='ocrx_word' id='word_1_158' title='bbox 781 2080 896 2164; x_wconf 87' lang='lat' dir='ltr'>delicit,</span> <span class='ocrx_word' id='word_1_159' title='bbox 910 2083 988 2150; x_wconf 89' lang='lat' dir='ltr'>dum</span> <span class='ocrx_word' id='word_1_160' title='bbox 1003 2084 1087 2152; x_wconf 71' lang='lat' dir='ltr'>disin</span> <span class='ocrx_word' id='word_1_161' title='bbox 1106 2087 1288 2171; x_wconf 83' lang='lat' dir='ltr'>scripturae,</span> <span class='ocrx_word' id='word_1_162' title='bbox 1333 2084 1476 2151; x_wconf 84' lang='lat' dir='ltr'>recutittn</span> <span class='ocrx_word' id='word_1_163' title='bbox 1493 2084 1546 2151; x_wconf 80' lang='lat' dir='ltr'>etl.</span> <span class='ocrx_word' id='word_1_164' title='bbox 1592 2085 1778 2153; x_wconf 88' lang='lat' dir='ltr'>Multorum</span> <span class='ocrx_word' id='word_1_165' title='bbox 1788 2086 1869 2154; x_wconf 91' lang='lat' dir='ltr'>illud</span> <span class='ocrx_word' id='word_1_166' title='bbox 1884 2093 2064 2174; x_wconf 83' lang='lat' dir='ltr'>promeruit</span> 
     </span>
     <span class='ocr_line' id='line_1_17' title="bbox 558 2166 2065 2265; baseline -0.002 -23"><span class='ocrx_word' id='word_1_167' title='bbox 558 2196 645 2263; x_wconf 81' lang='lat' dir='ltr'>quae</span> <span class='ocrx_word' id='word_1_168' title='bbox 656 2170 738 2238; x_wconf 86' lang='lat' dir='ltr'>nihil</span> <span class='ocrx_word' id='word_1_169' title='bbox 752 2166 792 2236; x_wconf 88' lang='lat' dir='ltr'>ad</span> <span class='ocrx_word' id='word_1_170' title='bbox 807 2192 874 2237; x_wconf 90' lang='lat' dir='ltr'>tem</span> <span class='ocrx_word' id='word_1_171' title='bbox 889 2170 1020 2255; x_wconf 69' lang='lat' dir='ltr'>tacerent,</span> <span class='ocrx_word' id='word_1_172' title='bbox 1041 2172 1180 2239; x_wconf 86' lang='lat' dir='ltr'>adducit.</span> <span class='ocrx_word' id='word_1_173' title='bbox 1227 2176 1288 2240; x_wconf 88' lang='lat' dir='ltr'>Ce-</span> <span class='ocrx_word' id='word_1_174' title='bbox 1332 2171 1611 2257; x_wconf 79' lang='lat' dir='ltr'>adprobationem,</span> <span class='ocrx_word' id='word_1_175' title='bbox 1627 2191 1854 2265; x_wconf 87' lang='lat' dir='ltr'>receptumque</span> <span class='ocrx_word' id='word_1_176' title='bbox 1867 2171 1978 2262; x_wconf 86' lang='lat' dir='ltr'>paslim</span> <span class='ocrx_word' id='word_1_177' title='bbox 1993 2174 2065 2254; x_wconf 83' lang='lat' dir='ltr'>sirit,</span> 
     </span>
     <span class='ocr_line' id='line_1_18' title="bbox 558 2257 2062 2347; baseline -0.003 -18"><span class='ocrx_word' id='word_1_178' title='bbox 558 2264 744 2329; x_wconf 89' lang='lat' dir='ltr'>lebritatent</span> <span class='ocrx_word' id='word_1_179' title='bbox 759 2261 867 2344; x_wconf 86' lang='lat' dir='ltr'>itaque</span> <span class='ocrx_word' id='word_1_180' title='bbox 881 2257 969 2344; x_wconf 81' lang='lat' dir='ltr'>quud</span> <span class='ocrx_word' id='word_1_181' title='bbox 985 2262 1065 2324; x_wconf 90' lang='lat' dir='ltr'>olim</span> <span class='ocrx_word' id='word_1_182' title='bbox 1084 2257 1182 2326; x_wconf 91' lang='lat' dir='ltr'>hocce</span> <span class='ocrx_word' id='word_1_183' title='bbox 1197 2283 1287 2327; x_wconf 91' lang='lat' dir='ltr'>com·</span> <span class='ocrx_word' id='word_1_184' title='bbox 1331 2257 1424 2337; x_wconf 87' lang='lat' dir='ltr'>adeo,</span> <span class='ocrx_word' id='word_1_185' title='bbox 1440 2278 1474 2323; x_wconf 86' lang='lat' dir='ltr'>vt</span> <span class='ocrx_word' id='word_1_186' title='bbox 1491 2280 1561 2323; x_wconf 92' lang='lat' dir='ltr'>non</span> <span class='ocrx_word' id='word_1_187' title='bbox 1575 2278 1702 2326; x_wconf 84' lang='lat' dir='ltr'>tantum</span> <span class='ocrx_word' id='word_1_188' title='bbox 1723 2261 1809 2347; x_wconf 89' lang='lat' dir='ltr'>apud</span> <span class='ocrx_word' id='word_1_189' title='bbox 1827 2284 1900 2343; x_wconf 89' lang='lat' dir='ltr'>nos,</span> <span class='ocrx_word' id='word_1_190' title='bbox 1914 2262 1966 2329; x_wconf 92' lang='lat' dir='ltr'>sed</span> <span class='ocrx_word' id='word_1_191' title='bbox 1985 2263 2062 2327; x_wconf 90' lang='lat' dir='ltr'>alibi</span> 
     </span>
     <span class='ocr_line' id='line_1_19' title="bbox 557 2342 2066 2438; baseline -0.003 -23"><span class='ocrx_word' id='word_1_192' title='bbox 557 2346 719 2438; x_wconf 86' lang='lat' dir='ltr'>pendium</span> <span class='ocrx_word' id='word_1_193' title='bbox 734 2345 922 2422; x_wconf 74' lang='lat' dir='ltr'>nadumsit,</span> <span class='ocrx_word' id='word_1_194' title='bbox 933 2370 1001 2411; x_wconf 87' lang='lat' dir='ltr'>non</span> <span class='ocrx_word' id='word_1_195' title='bbox 1015 2346 1143 2413; x_wconf 82' lang='lat' dir='ltr'>aliunde</span> <span class='ocrx_word' id='word_1_196' title='bbox 1161 2348 1291 2433; x_wconf 74' lang='lat' dir='ltr'>seditem,</span> <span class='ocrx_word' id='word_1_197' title='bbox 1337 2367 1466 2431; x_wconf 89' lang='lat' dir='ltr'>quoque</span> <span class='ocrx_word' id='word_1_198' title='bbox 1479 2342 1519 2409; x_wconf 91' lang='lat' dir='ltr'>ad</span> <span class='ocrx_word' id='word_1_199' title='bbox 1537 2347 1603 2411; x_wconf 86' lang='lat' dir='ltr'>eius</span> <span class='ocrx_word' id='word_1_200' title='bbox 1617 2342 1749 2413; x_wconf 70' lang='lat' dir='ltr'>dullum</span> <span class='ocrx_word' id='word_1_201' title='bbox 1772 2352 1974 2415; x_wconf 79' lang='lat' dir='ltr'>recitationes</span> <span class='ocrx_word' id='word_1_202' title='bbox 1990 2372 2066 2412; x_wconf 85' lang='lat' dir='ltr'>aca-</span> 
     </span>
     <span class='ocr_line' id='line_1_20' title="bbox 555 2428 2064 2525; baseline -0.004 -22"><span class='ocrx_word' id='word_1_203' title='bbox 555 2431 1292 2525; x_wconf 81' lang='lat' dir='ltr'>quamquodeotemporetheologiascholalli-</span> <span class='ocrx_word' id='word_1_204' title='bbox 1335 2434 1478 2499; x_wconf 86' lang='lat' dir='ltr'>demicae</span> <span class='ocrx_word' id='word_1_205' title='bbox 1489 2428 1738 2500; x_wconf 84' lang='lat' dir='ltr'>instituerentur.</span> <span class='ocrx_word' id='word_1_206' title='bbox 1782 2438 2064 2519; x_wconf 86' lang='lat' dir='ltr'>Sequntusautem</span> 
     </span>
     <span class='ocr_line' id='line_1_21' title="bbox 556 2516 2064 2609; baseline -0.006 -17"><span class='ocrx_word' id='word_1_207' title='bbox 556 2516 970 2592; x_wconf 83' lang='lat' dir='ltr'>cainecclestanoslrahinc</span> <span class='ocrx_word' id='word_1_208' title='bbox 980 2520 1054 2586; x_wconf 88' lang='lat' dir='ltr'>inde</span> <span class='ocrx_word' id='word_1_209' title='bbox 1062 2543 1217 2609; x_wconf 80' lang='lat' dir='ltr'>regnaret.</span> <span class='ocrx_word' id='word_1_210' title='bbox 1231 2525 1292 2588; x_wconf 88' lang='lat' dir='ltr'>Ni·</span> <span class='ocrx_word' id='word_1_211' title='bbox 1335 2520 1447 2586; x_wconf 71' lang='lat' dir='ltr'>audior</span> <span class='ocrx_word' id='word_1_212' title='bbox 1462 2518 1506 2585; x_wconf 87' lang='lat' dir='ltr'>est</span> <span class='ocrx_word' id='word_1_213' title='bbox 1519 2523 1552 2585; x_wconf 95' lang='lat' dir='ltr'>in</span> <span class='ocrx_word' id='word_1_214' title='bbox 1567 2541 1606 2586; x_wconf 87' lang='lat' dir='ltr'>eo</span> <span class='ocrx_word' id='word_1_215' title='bbox 1619 2519 1749 2607; x_wconf 84' lang='lat' dir='ltr'>vestigia</span> <span class='ocrx_word' id='word_1_216' title='bbox 1765 2524 1849 2588; x_wconf 88' lang='lat' dir='ltr'>beati</span> <span class='ocrx_word' id='word_1_217' title='bbox 1867 2545 1911 2588; x_wconf 87' lang='lat' dir='ltr'>ro.</span> <span class='ocrx_word' id='word_1_218' title='bbox 1928 2540 2064 2599; x_wconf 76' lang='lat' dir='ltr'>nvsrut,</span> 
     </span>
     <span class='ocr_line' id='line_1_22' title="bbox 557 2604 2060 2695; baseline -0.005 -15"><span class='ocrx_word' id='word_1_219' title='bbox 557 2614 665 2679; x_wconf 89' lang='lat' dir='ltr'>mium</span> <span class='ocrx_word' id='word_1_220' title='bbox 678 2606 755 2673; x_wconf 91' lang='lat' dir='ltr'>hinc</span> <span class='ocrx_word' id='word_1_221' title='bbox 768 2604 948 2693; x_wconf 82' lang='lat' dir='ltr'>theologiae</span> <span class='ocrx_word' id='word_1_222' title='bbox 970 2607 1170 2676; x_wconf 85' lang='lat' dir='ltr'>scholasticae</span> <span class='ocrx_word' id='word_1_223' title='bbox 1193 2608 1290 2677; x_wconf 88' lang='lat' dir='ltr'>sludi·</span> <span class='ocrx_word' id='word_1_224' title='bbox 1336 2628 1375 2676; x_wconf 87' lang='lat' dir='ltr'>ex</span> <span class='ocrx_word' id='word_1_225' title='bbox 1390 2609 1478 2672; x_wconf 86' lang='lat' dir='ltr'>cuius</span> <span class='ocrx_word' id='word_1_226' title='bbox 1498 2608 1620 2692; x_wconf 87' lang='lat' dir='ltr'>scriptis</span> <span class='ocrx_word' id='word_1_227' title='bbox 1635 2611 1809 2675; x_wconf 83' lang='lat' dir='ltr'>maximam</span> <span class='ocrx_word' id='word_1_228' title='bbox 1825 2629 1950 2695; x_wconf 89' lang='lat' dir='ltr'>partem</span> <span class='ocrx_word' id='word_1_229' title='bbox 1975 2607 2060 2674; x_wconf 87' lang='lat' dir='ltr'>istud</span> 
     </span>
     <span class='ocr_line' id='line_1_23' title="bbox 559 2693 2062 2781; baseline -0.003 -14"><span class='ocrx_word' id='word_1_230' title='bbox 559 2720 620 2767; x_wconf 89' lang='lat' dir='ltr'>um</span> <span class='ocrx_word' id='word_1_231' title='bbox 640 2700 677 2763; x_wconf 90' lang='lat' dir='ltr'>in</span> <span class='ocrx_word' id='word_1_232' title='bbox 697 2694 797 2762; x_wconf 89' lang='lat' dir='ltr'>hocce</span> <span class='ocrx_word' id='word_1_233' title='bbox 832 2694 963 2762; x_wconf 72' lang='lat' dir='ltr'>audete</span> <span class='ocrx_word' id='word_1_234' title='bbox 987 2714 1080 2763; x_wconf 86' lang='lat' dir='ltr'>notat</span> <span class='ocrx_word' id='word_1_235' title='bbox 1105 2700 1154 2763; x_wconf 86' lang='lat' dir='ltr'>vit</span> <span class='ocrx_word' id='word_1_236' title='bbox 1174 2697 1290 2765; x_wconf 78' lang='lat' dir='ltr'>dottis-</span> <span class='ocrx_word' id='word_1_237' title='bbox 1334 2696 1564 2760; x_wconf 88' lang='lat' dir='ltr'>concinnatum</span> <span class='ocrx_word' id='word_1_238' title='bbox 1585 2693 1647 2775; x_wconf 87' lang='lat' dir='ltr'>est,</span> <span class='ocrx_word' id='word_1_239' title='bbox 1687 2698 1876 2781; x_wconf 87' lang='lat' dir='ltr'>&amp;quorum</span> <span class='ocrx_word' id='word_1_240' title='bbox 1895 2696 2062 2778; x_wconf 86' lang='lat' dir='ltr'>velutepi-</span> 
     </span>
     <span class='ocr_line' id='line_1_24' title="bbox 558 2777 2060 2867; baseline -0.004 -14"><span class='ocrx_word' id='word_1_241' title='bbox 558 2784 657 2853; x_wconf 88' lang='lat' dir='ltr'>limus</span> <span class='ocrx_word' id='word_1_242' title='bbox 682 2802 825 2849; x_wconf 76' lang='lat' dir='ltr'>roten.</span> <span class='ocrx_word' id='word_1_243' title='bbox 848 2802 1052 2865; x_wconf 77' lang='lat' dir='ltr'>tinotvs,</span> <span class='ocrx_word' id='word_1_244' title='bbox 1088 2787 1290 2850; x_wconf 79' lang='lat' dir='ltr'>inmedicino</span> <span class='ocrx_word' id='word_1_245' title='bbox 1334 2802 1447 2847; x_wconf 89' lang='lat' dir='ltr'>tomen</span> <span class='ocrx_word' id='word_1_246' title='bbox 1462 2777 1636 2865; x_wconf 83' lang='lat' dir='ltr'>quamdam</span> <span class='ocrx_word' id='word_1_247' title='bbox 1658 2783 1796 2851; x_wconf 81' lang='lat' dir='ltr'>exhibet.</span> <span class='ocrx_word' id='word_1_248' title='bbox 1862 2784 2060 2867; x_wconf 86' lang='lat' dir='ltr'>Cumque&amp;</span> 
     </span>
     <span class='ocr_line' id='line_1_25' title="bbox 557 2870 2060 2956; baseline -0.005 -16"><span class='ocrx_word' id='word_1_249' title='bbox 557 2874 684 2953; x_wconf 78' lang='lat' dir='ltr'>mentis,</span> <span class='ocrx_word' id='word_1_250' title='bbox 696 2885 782 2956; x_wconf 84' lang='lat' dir='ltr'>part.</span> <span class='ocrx_word' id='word_1_251' title='bbox 799 2874 836 2933; x_wconf 86' lang='lat' dir='ltr'>V.</span> <span class='ocrx_word' id='word_1_252' title='bbox 851 2891 875 2933; x_wconf 90' lang='lat' dir='ltr'>c.</span> <span class='ocrx_word' id='word_1_253' title='bbox 890 2874 915 2933; x_wconf 91' lang='lat' dir='ltr'>I.</span> <span class='ocrx_word' id='word_1_254' title='bbox 929 2882 964 2949; x_wconf 66' lang='lat' dir='ltr'>p.</span> <span class='ocrx_word' id='word_1_255' title='bbox 977 2875 1046 2935; x_wconf 86' lang='lat' dir='ltr'>Lll.</span> <span class='ocrx_word' id='word_1_256' title='bbox 1064 2890 1096 2956; x_wconf 88' lang='lat' dir='ltr'>p.</span> <span class='ocrx_word' id='word_1_257' title='bbox 1110 2893 1181 2955; x_wconf 66' lang='lat'>473.</span> <span class='ocrx_word' id='word_1_258' title='bbox 1227 2874 1288 2937; x_wconf 85' lang='lat' dir='ltr'>Lu·</span> <span class='ocrx_word' id='word_1_259' title='bbox 1333 2870 1500 2933; x_wconf 81' lang='lat' dir='ltr'>sententias</span> <span class='ocrx_word' id='word_1_260' title='bbox 1528 2888 1698 2950; x_wconf 76' lang='lat' dir='ltr'>atvsnet,</span> <span class='ocrx_word' id='word_1_261' title='bbox 1739 2874 1910 2956; x_wconf 88' lang='lat' dir='ltr'>inquibus</span> <span class='ocrx_word' id='word_1_262' title='bbox 1930 2871 2060 2935; x_wconf 85' lang='lat' dir='ltr'>abaliis</span> 
     </span>
     <span class='ocr_line' id='line_1_26' title="bbox 557 2952 2060 3044; baseline -0.004 -19"><span class='ocrx_word' id='word_1_263' title='bbox 557 2982 629 3030; x_wconf 85' lang='lat' dir='ltr'>cem</span> <span class='ocrx_word' id='word_1_264' title='bbox 647 2960 781 3025; x_wconf 86' lang='lat' dir='ltr'>minime</span> <span class='ocrx_word' id='word_1_265' title='bbox 794 2956 1067 3024; x_wconf 85' lang='lat' dir='ltr'>contemnendam</span> <span class='ocrx_word' id='word_1_266' title='bbox 1083 2960 1190 3025; x_wconf 88' lang='lat' dir='ltr'>libello</span> <span class='ocrx_word' id='word_1_267' title='bbox 1212 2958 1287 3025; x_wconf 89' lang='lat' dir='ltr'>huic</span> <span class='ocrx_word' id='word_1_268' title='bbox 1332 2955 1490 3023; x_wconf 85' lang='lat' dir='ltr'>dissentire</span> <span class='ocrx_word' id='word_1_269' title='bbox 1511 2954 1594 3020; x_wconf 90' lang='lat' dir='ltr'>visus</span> <span class='ocrx_word' id='word_1_270' title='bbox 1613 2955 1667 3033; x_wconf 87' lang='lat' dir='ltr'>est,</span> <span class='ocrx_word' id='word_1_271' title='bbox 1691 2962 1844 3033; x_wconf 71' lang='lat' dir='ltr'>retineam</span> <span class='ocrx_word' id='word_1_272' title='bbox 1867 2978 2000 3044; x_wconf 88' lang='lat' dir='ltr'>operam</span> <span class='ocrx_word' id='word_1_273' title='bbox 2023 2952 2060 3020; x_wconf 90' lang='lat' dir='ltr'>st-</span> 
     </span>
     <span class='ocr_line' id='line_1_27' title="bbox 557 3039 2060 3129; baseline -0.007 -12"><span class='ocrx_word' id='word_1_274' title='bbox 557 3044 695 3126; x_wconf 82' lang='lat' dir='ltr'>adludit,</span> <span class='ocrx_word' id='word_1_275' title='bbox 711 3045 838 3129; x_wconf 86' lang='lat' dir='ltr'>&amp;quae</span> <span class='ocrx_word' id='word_1_276' title='bbox 859 3048 893 3108; x_wconf 90' lang='lat' dir='ltr'>in</span> <span class='ocrx_word' id='word_1_277' title='bbox 910 3066 949 3110; x_wconf 91' lang='lat' dir='ltr'>co</span> <span class='ocrx_word' id='word_1_278' title='bbox 965 3046 1081 3113; x_wconf 71' lang='lat' dir='ltr'>resisus</span> <span class='ocrx_word' id='word_1_279' title='bbox 1097 3047 1130 3113; x_wconf 78' lang='grc' dir='ltr'>δι</span> <span class='ocrx_word' id='word_1_280' title='bbox 1156 3044 1288 3112; x_wconf 81' lang='lat' dir='ltr'>adcum-</span> <span class='ocrx_word' id='word_1_281' title='bbox 1332 3043 1399 3109; x_wconf 89' lang='lat' dir='ltr'>mul</span> <span class='ocrx_word' id='word_1_282' title='bbox 1415 3060 1522 3122; x_wconf 88' lang='lat' dir='ltr'>nauat,</span> <span class='ocrx_word' id='word_1_283' title='bbox 1536 3061 1570 3107; x_wconf 90' lang='lat' dir='ltr'>vt</span> <span class='ocrx_word' id='word_1_284' title='bbox 1583 3065 1633 3108; x_wconf 80' lang='lat' dir='ltr'>ces</span> <span class='ocrx_word' id='word_1_285' title='bbox 1647 3042 1779 3111; x_wconf 86' lang='lat' dir='ltr'>illustret</span> <span class='ocrx_word' id='word_1_286' title='bbox 1795 3045 1939 3125; x_wconf 87' lang='lat' dir='ltr'>nemose,</span> <span class='ocrx_word' id='word_1_287' title='bbox 1959 3039 2060 3111; x_wconf 88' lang='lat' dir='ltr'>&amp;ad-</span> 
     </span>
     <span class='ocr_line' id='line_1_28' title="bbox 556 3127 2059 3216; baseline -0.007 -12"><span class='ocrx_word' id='word_1_288' title='bbox 556 3138 623 3205; x_wconf 84' lang='lat' dir='ltr'>tius</span> <span class='ocrx_word' id='word_1_289' title='bbox 639 3132 703 3201; x_wconf 87' lang='lat' dir='ltr'>dici</span> <span class='ocrx_word' id='word_1_290' title='bbox 723 3130 907 3216; x_wconf 85' lang='lat' dir='ltr'>potuissent,</span> <span class='ocrx_word' id='word_1_291' title='bbox 932 3130 1072 3198; x_wconf 80' lang='lat' dir='ltr'>ostendit</span> <span class='ocrx_word' id='word_1_292' title='bbox 1093 3155 1238 3199; x_wconf 72' lang='lat' dir='ltr'>trenna</span> <span class='ocrx_word' id='word_1_293' title='bbox 1251 3154 1286 3197; x_wconf 73' lang='lat' dir='ltr'>et.</span> <span class='ocrx_word' id='word_1_294' title='bbox 1331 3130 1421 3197; x_wconf 70' lang='lat' dir='ltr'>iretis</span> <span class='ocrx_word' id='word_1_295' title='bbox 1447 3128 1584 3194; x_wconf 81' lang='lat' dir='ltr'>aliorum</span> <span class='ocrx_word' id='word_1_296' title='bbox 1606 3127 1834 3197; x_wconf 67' lang='lat' dir='ltr'>theotoeomm</span> <span class='ocrx_word' id='word_1_297' title='bbox 1856 3129 2059 3208; x_wconf 84' lang='lat' dir='ltr'>testimoniis,</span> 
     </span>
     <span class='ocr_line' id='line_1_29' title="bbox 559 3184 2061 3306; baseline -0.007 -15"><span class='ocrx_word' id='word_1_298' title='bbox 559 3241 710 3291; x_wconf 81' lang='lat' dir='ltr'>toncn.</span> <span class='ocrx_word' id='word_1_299' title='bbox 723 3240 923 3300; x_wconf 80' lang='lat' dir='ltr'>nnnntvs,</span> <span class='ocrx_word' id='word_1_300' title='bbox 943 3222 977 3284; x_wconf 91' lang='lat' dir='ltr'>in</span> <span class='ocrx_word' id='word_1_301' title='bbox 996 3222 1143 3306; x_wconf 57' lang='lat' dir='ltr'>st‘oeerqqio</span> <span class='ocrx_word' id='word_1_302' title='bbox 1164 3227 1286 3285; x_wconf 70' lang='lat' dir='ltr'>contro-</span> <span class='ocrx_word' id='word_1_303' title='bbox 1332 3220 1470 3293; x_wconf 87' lang='lat' dir='ltr'>euincat,</span> <span class='ocrx_word' id='word_1_304' title='bbox 1489 3215 1570 3281; x_wconf 90' lang='lat' dir='ltr'>nihil</span> <span class='ocrx_word' id='word_1_305' title='bbox 1605 3238 1678 3281; x_wconf 92' lang='lat' dir='ltr'>eum</span> <span class='ocrx_word' id='word_1_306' title='bbox 1709 3184 1858 3299; x_wconf 81' lang='lat' dir='ltr'>docuisse,</span> <span class='ocrx_word' id='word_1_307' title='bbox 1878 3216 1968 3305; x_wconf 88' lang='lat' dir='ltr'>quud</span> <span class='ocrx_word' id='word_1_308' title='bbox 1991 3238 2061 3281; x_wconf 90' lang='lat' dir='ltr'>non</span> 
     </span>
     <span class='ocr_line' id='line_1_30' title="bbox 556 3295 2057 3391; baseline -0.003 -17"><span class='ocrx_word' id='word_1_309' title='bbox 556 3314 607 3379; x_wconf 74' lang='lat' dir='ltr'>lio</span> <span class='ocrx_word' id='word_1_310' title='bbox 633 3310 673 3379; x_wconf 61' lang='grc' dir='ltr'>(ἔ</span> <span class='ocrx_word' id='word_1_311' title='bbox 693 3305 855 3389; x_wconf 70' lang='lat' dir='ltr'>illustrato,</span> <span class='ocrx_word' id='word_1_312' title='bbox 889 3308 953 3377; x_wconf 73' lang='lat' dir='ltr'>&amp;u</span> <span class='ocrx_word' id='word_1_313' title='bbox 985 3304 1105 3391; x_wconf 77' lang='lat' dir='ltr'>Lipsiae</span> <span class='ocrx_word' id='word_1_314' title='bbox 1135 3326 1229 3388; x_wconf 82' lang='lat'>¹710,</span> <span class='ocrx_word' id='word_1_315' title='bbox 1258 3318 1287 3381; x_wconf 85' lang='lat'>8.</span> <span class='ocrx_word' id='word_1_316' title='bbox 1331 3295 1598 3391; x_wconf 80' lang='lat' dir='ltr'>praestantissimis</span> <span class='ocrx_word' id='word_1_317' title='bbox 1621 3302 1765 3371; x_wconf 84' lang='lat' dir='ltr'>ecclesrre</span> <span class='ocrx_word' id='word_1_318' title='bbox 1783 3304 1909 3374; x_wconf 88' lang='lat' dir='ltr'>nostrae</span> <span class='ocrx_word' id='word_1_319' title='bbox 1929 3304 2057 3370; x_wconf 87' lang='lat' dir='ltr'>theolo-</span> 
     </span>
     <span class='ocr_line' id='line_1_31' title="bbox 557 3388 2060 3479; baseline -0.007 -14"><span class='ocrx_word' id='word_1_320' title='bbox 557 3398 649 3465; x_wconf 90' lang='lat' dir='ltr'>Dum</span> <span class='ocrx_word' id='word_1_321' title='bbox 660 3414 738 3459; x_wconf 85' lang='lat' dir='ltr'>vero</span> <span class='ocrx_word' id='word_1_322' title='bbox 749 3389 835 3459; x_wconf 88' lang='lat' dir='ltr'>idem</span> <span class='ocrx_word' id='word_1_323' title='bbox 849 3395 899 3459; x_wconf 81' lang='lat' dir='ltr'>vir</span> <span class='ocrx_word' id='word_1_324' title='bbox 910 3390 1024 3459; x_wconf 74' lang='lat' dir='ltr'>dostns</span> <span class='ocrx_word' id='word_1_325' title='bbox 1038 3397 1073 3459; x_wconf 89' lang='lat' dir='ltr'>in</span> <span class='ocrx_word' id='word_1_326' title='bbox 1091 3394 1287 3478; x_wconf 85' lang='lat' dir='ltr'>praefatione</span> <span class='ocrx_word' id='word_1_327' title='bbox 1331 3398 1377 3479; x_wconf 84' lang='lat' dir='ltr'>gis</span> <span class='ocrx_word' id='word_1_328' title='bbox 1392 3393 1564 3476; x_wconf 89' lang='lat' dir='ltr'>probatum</span> <span class='ocrx_word' id='word_1_329' title='bbox 1582 3388 1628 3456; x_wconf 88' lang='lat' dir='ltr'>stt.</span> <span class='ocrx_word' id='word_1_330' title='bbox 1673 3394 1734 3457; x_wconf 85' lang='lat' dir='ltr'>Vix</span> <span class='ocrx_word' id='word_1_331' title='bbox 1748 3397 1856 3479; x_wconf 90' lang='lat' dir='ltr'>itaque</span> <span class='ocrx_word' id='word_1_332' title='bbox 1873 3392 1955 3461; x_wconf 69' lang='lat' dir='ltr'>teste</span> <span class='ocrx_word' id='word_1_333' title='bbox 1963 3394 2060 3459; x_wconf 88' lang='lat' dir='ltr'>etiam</span> 
     </span>
     <span class='ocr_line' id='line_1_32' title="bbox 556 3474 2061 3566; baseline -0.005 -13"><span class='ocrx_word' id='word_1_334' title='bbox 556 3500 869 3553; x_wconf 65' lang='lat' dir='ltr'>tetensteten</span> <span class='ocrx_word' id='word_1_335' title='bbox 891 3478 1047 3545; x_wconf 85' lang='lat' dir='ltr'>iudicium</span> <span class='ocrx_word' id='word_1_336' title='bbox 1066 3499 1158 3545; x_wconf 84' lang='lat' dir='ltr'>antea</span> <span class='ocrx_word' id='word_1_337' title='bbox 1179 3478 1288 3547; x_wconf 83' lang='lat' dir='ltr'>lauda·</span> <span class='ocrx_word' id='word_1_338' title='bbox 1331 3478 1534 3564; x_wconf 85' lang='lat' dir='ltr'>intelligetur,</span> <span class='ocrx_word' id='word_1_339' title='bbox 1574 3494 1629 3541; x_wconf 89' lang='lat' dir='ltr'>aut</span> <span class='ocrx_word' id='word_1_340' title='bbox 1650 3482 1798 3564; x_wconf 86' lang='lat' dir='ltr'>explicari</span> <span class='ocrx_word' id='word_1_341' title='bbox 1821 3484 1964 3566; x_wconf 87' lang='lat' dir='ltr'>poterit,</span> <span class='ocrx_word' id='word_1_342' title='bbox 2002 3474 2061 3545; x_wconf 85' lang='lat' dir='ltr'>nist</span> 
     </span>
     <span class='ocr_line' id='line_1_33' title="bbox 555 3562 2062 3653; baseline -0.007 -14"><span class='ocrx_word' id='word_1_343' title='bbox 555 3591 629 3639; x_wconf 89' lang='lat' dir='ltr'>tum</span> <span class='ocrx_word' id='word_1_344' title='bbox 642 3570 815 3653; x_wconf 84' lang='lat' dir='ltr'>improbat,</span> <span class='ocrx_word' id='word_1_345' title='bbox 830 3562 921 3632; x_wconf 81' lang='lat' dir='ltr'>hmul</span> <span class='ocrx_word' id='word_1_346' title='bbox 936 3586 1042 3633; x_wconf 87' lang='lat' dir='ltr'>tumen</span> <span class='ocrx_word' id='word_1_347' title='bbox 1057 3574 1184 3633; x_wconf 84' lang='lat' dir='ltr'>&#39;naeuos</span> <span class='ocrx_word' id='word_1_348' title='bbox 1199 3566 1287 3635; x_wconf 90' lang='lat' dir='ltr'>libel·</span> <span class='ocrx_word' id='word_1_349' title='bbox 1331 3570 1401 3653; x_wconf 88' lang='lat' dir='ltr'>quis</span> <span class='ocrx_word' id='word_1_350' title='bbox 1416 3564 1566 3630; x_wconf 81' lang='lat' dir='ltr'>adcurata</span> <span class='ocrx_word' id='word_1_351' title='bbox 1574 3565 1875 3647; x_wconf 83' lang='lat' dir='ltr'>controuersiarum,</span> <span class='ocrx_word' id='word_1_352' title='bbox 1884 3589 1924 3633; x_wconf 90' lang='lat' dir='ltr'>eo</span> <span class='ocrx_word' id='word_1_353' title='bbox 1933 3586 2062 3651; x_wconf 87' lang='lat' dir='ltr'>tempo·</span> 
     </span>
     <span class='ocr_line' id='line_1_34' title="bbox 555 3648 2061 3741; baseline -0.009 -14"><span class='ocrx_word' id='word_1_354' title='bbox 555 3656 796 3741; x_wconf 76' lang='lat' dir='ltr'>littoentgiani</span> <span class='ocrx_word' id='word_1_355' title='bbox 821 3650 1012 3720; x_wconf 84' lang='lat' dir='ltr'>dissimulare</span> <span class='ocrx_word' id='word_1_356' title='bbox 1040 3658 1169 3740; x_wconf 70' lang='lat' dir='ltr'>nequit,</span> <span class='ocrx_word' id='word_1_357' title='bbox 1197 3658 1232 3721; x_wconf 95' lang='lat' dir='ltr'>in</span> <span class='ocrx_word' id='word_1_358' title='bbox 1251 3676 1289 3721; x_wconf 92' lang='lat' dir='ltr'>o·</span> <span class='ocrx_word' id='word_1_359' title='bbox 1332 3675 1366 3719; x_wconf 88' lang='lat' dir='ltr'>te</span> <span class='ocrx_word' id='word_1_360' title='bbox 1381 3655 1465 3717; x_wconf 87' lang='lat' dir='ltr'>inter</span> <span class='ocrx_word' id='word_1_361' title='bbox 1486 3648 1640 3718; x_wconf 81' lang='lat' dir='ltr'>nostrates</span> <span class='ocrx_word' id='word_1_362' title='bbox 1700 3654 1860 3733; x_wconf 85' lang='lat' dir='ltr'>itatarum,</span> <span class='ocrx_word' id='word_1_363' title='bbox 1883 3656 2000 3718; x_wconf 81' lang='lat' dir='ltr'>notitia</span> <span class='ocrx_word' id='word_1_364' title='bbox 2023 3648 2061 3715; x_wconf 93' lang='lat' dir='ltr'>stt</span> 
     </span>
     <span class='ocr_line' id='line_1_35' title="bbox 555 3674 2062 3826; baseline -0.008 -13"><span class='ocrx_word' id='word_1_365' title='bbox 555 3740 670 3813; x_wconf 80' lang='lat' dir='ltr'>mrtem</span> <span class='ocrx_word' id='word_1_366' title='bbox 693 3741 837 3809; x_wconf 83' lang='lat' dir='ltr'>seversat</span> <span class='ocrx_word' id='word_1_367' title='bbox 865 3760 999 3826; x_wconf 87' lang='lat' dir='ltr'>partem,</span> <span class='ocrx_word' id='word_1_368' title='bbox 1021 3764 1063 3808; x_wconf 86' lang='lat' dir='ltr'>ne</span> <span class='ocrx_word' id='word_1_369' title='bbox 1078 3741 1183 3807; x_wconf 90' lang='lat' dir='ltr'>nescio</span> <span class='ocrx_word' id='word_1_370' title='bbox 1199 3744 1288 3808; x_wconf 88' lang='lat' dir='ltr'>cuius</span> <span class='ocrx_word' id='word_1_371' title='bbox 1333 3741 1486 3806; x_wconf 86' lang='lat' dir='ltr'>imbutus.</span> <span class='ocrx_word' id='word_1_372' title='bbox 1554 3674 1715 3806; x_wconf 63' lang='lat' dir='ltr'>Methddo</span> <span class='ocrx_word' id='word_1_373' title='bbox 1741 3742 1927 3825; x_wconf 88' lang='lat' dir='ltr'>ceteroquin</span> <span class='ocrx_word' id='word_1_374' title='bbox 1948 3737 2062 3805; x_wconf 76' lang='lat' dir='ltr'>audior</span> 
     </span>
     <span class='ocr_line' id='line_1_36' title="bbox 557 3821 2062 3913; baseline -0.003 -20"><span class='ocrx_word' id='word_1_375' title='bbox 557 3836 706 3903; x_wconf 65' lang='grc' dir='ltr'>ἒημδιξιας</span> <span class='ocrx_word' id='word_1_376' title='bbox 725 3828 935 3913; x_wconf 85' lang='lat' dir='ltr'>suspicionem</span> <span class='ocrx_word' id='word_1_377' title='bbox 960 3831 1119 3905; x_wconf 63' lang='lat' dir='ltr'>incurram</span> <span class='ocrx_word' id='word_1_378' title='bbox 1148 3848 1235 3897; x_wconf 89' lang='lat' dir='ltr'>metu</span> <span class='ocrx_word' id='word_1_379' title='bbox 1261 3828 1289 3895; x_wconf 77' lang='lat' dir='ltr'>se</span> <span class='ocrx_word' id='word_1_380' title='bbox 1333 3830 1431 3891; x_wconf 85' lang='lat' dir='ltr'>vritur</span> <span class='ocrx_word' id='word_1_381' title='bbox 1448 3824 1584 3908; x_wconf 83' lang='lat' dir='ltr'>caussali,</span> <span class='ocrx_word' id='word_1_382' title='bbox 1607 3828 1658 3895; x_wconf 88' lang='lat' dir='ltr'>seu</span> <span class='ocrx_word' id='word_1_383' title='bbox 1677 3821 2062 3894; x_wconf 81' lang='lat' dir='ltr'>Aristotelicoscholasti·</span> 
     </span>
     <span class='ocr_line' id='line_1_37' title="bbox 556 3912 2060 4005; baseline -0.005 -20"><span class='ocrx_word' id='word_1_384' title='bbox 556 3936 710 4005; x_wconf 90' lang='lat' dir='ltr'>torquens</span> <span class='ocrx_word' id='word_1_385' title='bbox 732 3916 828 4001; x_wconf 84' lang='lat' dir='ltr'>plane</span> <span class='ocrx_word' id='word_1_386' title='bbox 854 3914 1101 4000; x_wconf 74' lang='lat' dir='ltr'>superuacaneo,</span> <span class='ocrx_word' id='word_1_387' title='bbox 1131 3939 1203 3981; x_wconf 90' lang='lat' dir='ltr'>cum</span> <span class='ocrx_word' id='word_1_388' title='bbox 1234 3938 1289 3981; x_wconf 87' lang='lat' dir='ltr'>ne·</span> <span class='ocrx_word' id='word_1_389' title='bbox 1333 3935 1386 3989; x_wconf 73' lang='lat' dir='ltr'>ca,</span> <span class='ocrx_word' id='word_1_390' title='bbox 1410 3917 1513 3977; x_wconf 87' lang='lat' dir='ltr'>immo</span> <span class='ocrx_word' id='word_1_391' title='bbox 1536 3934 1610 3979; x_wconf 89' lang='lat' dir='ltr'>cum</span> <span class='ocrx_word' id='word_1_392' title='bbox 1626 3917 1720 3981; x_wconf 91' lang='lat' dir='ltr'>beato</span> <span class='ocrx_word' id='word_1_393' title='bbox 1734 3938 1785 3981; x_wconf 90' lang='lat' dir='ltr'>ro.</span> <span class='ocrx_word' id='word_1_394' title='bbox 1799 3935 1965 3981; x_wconf 77' lang='lat' dir='ltr'>urvsnro</span> <span class='ocrx_word' id='word_1_395' title='bbox 1988 3912 2060 3997; x_wconf 90' lang='lat' dir='ltr'>ipso</span> 
     </span>
     <span class='ocr_line' id='line_1_38' title="bbox 555 3998 2060 4087; baseline -0.005 -14"><span class='ocrx_word' id='word_1_396' title='bbox 555 4008 638 4073; x_wconf 79' lang='lat' dir='ltr'>mim</span> <span class='ocrx_word' id='word_1_397' title='bbox 653 4006 733 4068; x_wconf 89' lang='lat' dir='ltr'>vitio</span> <span class='ocrx_word' id='word_1_398' title='bbox 747 4003 826 4067; x_wconf 79' lang='lat' dir='ltr'>vetti</span> <span class='ocrx_word' id='word_1_399' title='bbox 847 4000 991 4087; x_wconf 87' lang='lat' dir='ltr'>queat,sr</span> <span class='ocrx_word' id='word_1_400' title='bbox 1012 4002 1139 4069; x_wconf 88' lang='lat' dir='ltr'>cordate</span> <span class='ocrx_word' id='word_1_401' title='bbox 1153 4002 1191 4070; x_wconf 83' lang='lat' dir='ltr'>de</span> <span class='ocrx_word' id='word_1_402' title='bbox 1206 4006 1288 4069; x_wconf 80' lang='lat' dir='ltr'>libro</span> <span class='ocrx_word' id='word_1_403' title='bbox 1333 4004 1472 4065; x_wconf 72' lang='lat' dir='ltr'>nimium</span> <span class='ocrx_word' id='word_1_404' title='bbox 1504 3998 1608 4067; x_wconf 88' lang='lat' dir='ltr'>adhuc</span> <span class='ocrx_word' id='word_1_405' title='bbox 1642 4000 1842 4067; x_wconf 80' lang='lat' dir='ltr'>scholasticae</span> <span class='ocrx_word' id='word_1_406' title='bbox 1877 3999 2060 4085; x_wconf 86' lang='lat' dir='ltr'>theologiae</span> 
     </span>
     <span class='ocr_line' id='line_1_39' title="bbox 557 4085 2061 4181; baseline -0.004 -22"><span class='ocrx_word' id='word_1_407' title='bbox 557 4089 703 4181; x_wconf 84' lang='lat' dir='ltr'>quodam</span> <span class='ocrx_word' id='word_1_408' title='bbox 731 4090 920 4156; x_wconf 88' lang='lat' dir='ltr'>sententiam</span> <span class='ocrx_word' id='word_1_409' title='bbox 948 4089 1037 4155; x_wconf 85' lang='lat' dir='ltr'>suam</span> <span class='ocrx_word' id='word_1_410' title='bbox 1066 4089 1159 4155; x_wconf 87' lang='lat' dir='ltr'>dicat.</span> <span class='ocrx_word' id='word_1_411' title='bbox 1226 4092 1287 4155; x_wconf 84' lang='lat' dir='ltr'>l&#39;ro</span> <span class='ocrx_word' id='word_1_412' title='bbox 1333 4089 1470 4152; x_wconf 85' lang='lat' dir='ltr'>tribuere</span> <span class='ocrx_word' id='word_1_413' title='bbox 1497 4085 1635 4154; x_wconf 89' lang='lat' dir='ltr'>videtur.</span> <span class='ocrx_word' id='word_1_414' title='bbox 1704 4089 1894 4154; x_wconf 83' lang='lat' dir='ltr'>Obseruauit</span> <span class='ocrx_word' id='word_1_415' title='bbox 1923 4086 1996 4166; x_wconf 87' lang='lat' dir='ltr'>hoc,</span> <span class='ocrx_word' id='word_1_416' title='bbox 2026 4086 2061 4153; x_wconf 74' lang='grc' dir='ltr'>δι</span> 
     </span>
     <span class='ocr_line' id='line_1_40' title="bbox 554 4172 2060 4263; baseline -0.006 -16"><span class='ocrx_word' id='word_1_417' title='bbox 554 4180 790 4247; x_wconf 86' lang='lat' dir='ltr'>commentatio</span> <span class='ocrx_word' id='word_1_418' title='bbox 812 4179 907 4242; x_wconf 84' lang='lat' dir='ltr'>etiam</span> <span class='ocrx_word' id='word_1_419' title='bbox 927 4175 1112 4261; x_wconf 90' lang='lat' dir='ltr'>compendii</span> <span class='ocrx_word' id='word_1_420' title='bbox 1137 4178 1287 4263; x_wconf 86' lang='lat' dir='ltr'>Koenigi-</span> <span class='ocrx_word' id='word_1_421' title='bbox 1331 4175 1481 4258; x_wconf 85' lang='lat' dir='ltr'>exemplis</span> <span class='ocrx_word' id='word_1_422' title='bbox 1498 4172 1687 4257; x_wconf 82' lang='lat' dir='ltr'>quibusdam</span> <span class='ocrx_word' id='word_1_423' title='bbox 1701 4175 1943 4253; x_wconf 82' lang='lat' dir='ltr'>demonstrauit,</span> <span class='ocrx_word' id='word_1_424' title='bbox 1963 4194 2060 4240; x_wconf 79' lang='lat' dir='ltr'>cnut·</span> 
     </span>
     <span class='ocr_line' id='line_1_41' title="bbox 554 4260 2061 4351; baseline -0.007 -16"><span class='ocrx_word' id='word_1_425' title='bbox 554 4269 610 4335; x_wconf 88' lang='lat' dir='ltr'>ani</span> <span class='ocrx_word' id='word_1_426' title='bbox 637 4268 777 4351; x_wconf 82' lang='lat' dir='ltr'>reputati</span> <span class='ocrx_word' id='word_1_427' title='bbox 806 4260 909 4350; x_wconf 86' lang='lat' dir='ltr'>potest</span> <span class='ocrx_word' id='word_1_428' title='bbox 929 4286 980 4329; x_wconf 90' lang='lat' dir='ltr'>ro.</span> <span class='ocrx_word' id='word_1_429' title='bbox 1002 4285 1127 4331; x_wconf 76' lang='lat' dir='ltr'>annu.</span> <span class='ocrx_word' id='word_1_430' title='bbox 1159 4286 1286 4349; x_wconf 66' lang='lat' dir='ltr'>qvuu-</span> <span class='ocrx_word' id='word_1_431' title='bbox 1330 4282 1446 4329; x_wconf 79' lang='lat' dir='ltr'>trorn.</span> <span class='ocrx_word' id='word_1_432' title='bbox 1463 4281 1539 4327; x_wconf 77' lang='lat' dir='ltr'>nvo.</span> <span class='ocrx_word' id='word_1_433' title='bbox 1564 4284 1785 4344; x_wconf 71' lang='lat' dir='ltr'>normannus,</span> <span class='ocrx_word' id='word_1_434' title='bbox 1804 4267 1839 4329; x_wconf 92' lang='lat' dir='ltr'>in</span> <span class='ocrx_word' id='word_1_435' title='bbox 1853 4264 2061 4347; x_wconf 72' lang='lat' dir='ltr'>praefatione,</span> 
     </span>
     <span class='ocr_line' id='line_1_42' title="bbox 556 4348 2063 4436; baseline -0.005 -15"><span class='ocrx_word' id='word_1_436' title='bbox 556 4374 697 4421; x_wconf 76' lang='lat' dir='ltr'>steort</span> <span class='ocrx_word' id='word_1_437' title='bbox 732 4350 885 4436; x_wconf 81' lang='lat' dir='ltr'>theologia</span> <span class='ocrx_word' id='word_1_438' title='bbox 919 4352 1096 4419; x_wconf 73' lang='lat' dir='ltr'>dioleliico-</span> <span class='ocrx_word' id='word_1_439' title='bbox 1111 4350 1284 4435; x_wconf 72' lang='lat' dir='ltr'>polemico,</span> <span class='ocrx_word' id='word_1_440' title='bbox 1330 4370 1634 4416; x_wconf 73' lang='lat' dir='ltr'>tumturncnovn</span> <span class='ocrx_word' id='word_1_441' title='bbox 1648 4352 1730 4415; x_wconf 91' lang='lat' dir='ltr'>libro</span> <span class='ocrx_word' id='word_1_442' title='bbox 1744 4349 1782 4417; x_wconf 93' lang='lat' dir='ltr'>de</span> <span class='ocrx_word' id='word_1_443' title='bbox 1796 4348 2063 4432; x_wconf 72' lang='lat' dir='ltr'>dolioribnsstho·</span> 
     </span>
     <span class='ocr_line' id='line_1_43' title="bbox 556 4435 2061 4526; baseline -0.005 -19"><span class='ocrx_word' id='word_1_444' title='bbox 556 4442 776 4526; x_wconf 82' lang='lat' dir='ltr'>Wittebetgae</span> <span class='ocrx_word' id='word_1_445' title='bbox 797 4460 815 4502; x_wconf 84' lang='lat'>2</span> <span class='ocrx_word' id='word_1_446' title='bbox 839 4442 935 4504; x_wconf 78' lang='lat' dir='ltr'>tomis</span> <span class='ocrx_word' id='word_1_447' title='bbox 958 4444 991 4502; x_wconf 85' lang='lat' dir='ltr'>in</span> <span class='ocrx_word' id='word_1_448' title='bbox 1012 4438 1069 4503; x_wconf 87' lang='lat' dir='ltr'>sol.</span> <span class='ocrx_word' id='word_1_449' title='bbox 1091 4444 1174 4519; x_wconf 75' lang='lat'>1635</span> <span class='ocrx_word' id='word_1_450' title='bbox 1191 4435 1284 4519; x_wconf 87' lang='lat' dir='ltr'>edita,</span> <span class='ocrx_word' id='word_1_451' title='bbox 1331 4436 2061 4523; x_wconf 60' lang='lat' dir='ltr'>sollicispraemissappr.Controuerhatumet·</span> 
     </span>
     <span class='ocr_line' id='line_1_44' title="bbox 554 4521 2059 4615; baseline -0.007 -18"><span class='ocrx_word' id='word_1_452' title='bbox 554 4524 742 4615; x_wconf 83' lang='lat' dir='ltr'>Lipsiaeque</span> <span class='ocrx_word' id='word_1_453' title='bbox 765 4546 846 4609; x_wconf 84' lang='lat'>1715</span> <span class='ocrx_word' id='word_1_454' title='bbox 866 4527 982 4592; x_wconf 74' lang='lat' dir='ltr'>reensi.</span> <span class='ocrx_word' id='word_1_455' title='bbox 1051 4525 1146 4591; x_wconf 86' lang='lat' dir='ltr'>Certe</span> <span class='ocrx_word' id='word_1_456' title='bbox 1161 4525 1285 4590; x_wconf 82' lang='lat' dir='ltr'>mecho.</span> <span class='ocrx_word' id='word_1_457' title='bbox 1330 4521 1626 4608; x_wconf 71' lang='lat' dir='ltr'>iamquurumdtm</span> <span class='ocrx_word' id='word_1_458' title='bbox 1640 4524 2059 4611; x_wconf 78' lang='lat' dir='ltr'>quaeuntvsnrocumahis</span> 
     </span>
     <span class='ocr_line' id='line_1_45' title="bbox 551 4610 2059 4699; baseline -0.008 -13"><span class='ocrx_word' id='word_1_459' title='bbox 551 4616 634 4687; x_wconf 89' lang='lat' dir='ltr'>dum</span> <span class='ocrx_word' id='word_1_460' title='bbox 647 4628 846 4683; x_wconf 78' lang='lat' dir='ltr'>itorurott</span> <span class='ocrx_word' id='word_1_461' title='bbox 868 4614 1019 4698; x_wconf 86' lang='lat' dir='ltr'>sequitur,</span> <span class='ocrx_word' id='word_1_462' title='bbox 1044 4612 1175 4697; x_wconf 86' lang='lat' dir='ltr'>ipsemet</span> <span class='ocrx_word' id='word_1_463' title='bbox 1198 4611 1284 4679; x_wconf 90' lang='lat' dir='ltr'>ordi·</span> <span class='ocrx_word' id='word_1_464' title='bbox 1330 4610 1576 4693; x_wconf 76' lang='lat' dir='ltr'>intercesserunt,</span> <span class='ocrx_word' id='word_1_465' title='bbox 1586 4633 1653 4678; x_wconf 88' lang='lat' dir='ltr'>non</span> <span class='ocrx_word' id='word_1_466' title='bbox 1667 4614 1764 4679; x_wconf 88' lang='lat' dir='ltr'>aliam</span> <span class='ocrx_word' id='word_1_467' title='bbox 1777 4616 1948 4699; x_wconf 77' lang='lat' dir='ltr'>originem,</span> <span class='ocrx_word' id='word_1_468' title='bbox 1961 4628 2059 4697; x_wconf 89' lang='lat' dir='ltr'>quam</span> 
     </span>
     <span class='ocr_line' id='line_1_46' title="bbox 550 4692 2060 4789; baseline -0.006 -14"><span class='ocrx_word' id='word_1_469' title='bbox 550 4706 657 4775; x_wconf 82' lang='lat' dir='ltr'>nis&amp;</span> <span class='ocrx_word' id='word_1_470' title='bbox 677 4699 823 4769; x_wconf 87' lang='lat' dir='ltr'>methodi</span> <span class='ocrx_word' id='word_1_471' title='bbox 839 4694 1146 4779; x_wconf 88' lang='lat' dir='ltr'>obseruantilhmus,</span> <span class='ocrx_word' id='word_1_472' title='bbox 1183 4698 1284 4767; x_wconf 86' lang='lat' dir='ltr'>modo</span> <span class='ocrx_word' id='word_1_473' title='bbox 1329 4700 1540 4766; x_wconf 86' lang='lat' dir='ltr'>terminorum</span> <span class='ocrx_word' id='word_1_474' title='bbox 1568 4696 1859 4789; x_wconf 76' lang='lat' dir='ltr'>metaphyficorun</span> <span class='ocrx_word' id='word_1_475' title='bbox 1888 4701 1979 4770; x_wconf 83' lang='lat' dir='ltr'>vlmn</span> <span class='ocrx_word' id='word_1_476' title='bbox 2011 4692 2060 4760; x_wconf 80' lang='lat' dir='ltr'>di·</span> 
     </span>
    </p>

    <p class='ocr_par' dir='ltr' id='par_1_3' title="bbox 1991 4802 2060 4853">
     <span class='ocr_line' id='line_1_47' title="bbox 1991 4802 2060 4853; baseline -0.101 1"><span class='ocrx_word' id='word_1_477' title='bbox 1991 4802 2060 4853; x_wconf 83' lang='lat' dir='ltr'>uer·</span> 
     </span>
    </p>
   </div>
   <div class='ocr_carea' id='block_1_3' title="bbox 0 0 2634 5962">
    <p class='ocr_par' dir='ltr' id='par_1_4' title="bbox 0 0 2634 5962">
     <span class='ocr_line' id='line_1_48' title="bbox 0 0 2634 5962; baseline 0 0"><span class='ocrx_word' id='word_1_478' title='bbox 0 0 2634 5962; x_wconf 95' lang='lat' dir='ltr'> </span> 
     </span>
    </p>
   </div>
  </div>
 </body>
</html>
