5259 5967
559 700 564 707 ’
669 740 731 813 ne
752 736 928 830 umus,
955 738 1107 833 ovines
1128 740 1417 813 mronoonn
1439 738 1623 812 munes
1645 738 1958 813 comtmrvn.
2026 744 2068 829 5⁷

551 892 700 975 isrjirrrr.
759 890 795 957 si
829 890 880 955 uis
899 910 968 977 ergo
985 892 1107 977 gloriae
1120 894 1219 975 studio
1242 910 1286 953 re-
1329 896 1465 971 inpiabis
1482 889 1637 953 excimmli
1652 892 1729 969 jimt
1750 888 1808 951 alii
1828 886 1985 970 adseilus,
2008 896 2064 973 qui

552 992 679 1061 natur,
695 978 782 1063 quod
820 996 836 1041 r
861 998 930 1041 cum
940 980 1087 1043 veritatis
1105 982 1145 1049 cs
1162 980 1287 1043 virtutis
1330 998 1368 1041 et
1388 998 1445 1041 nos
1459 977 1579 1063 gloriae
1594 974 1670 1059 fied
1681 996 1731 1037 um
1750 975 1853 1057 solum
1878 976 2063 1056 monstrosis

552 1062 1142 1217 arn-areueiemenripfimoconiuniitrm,
1162 1064 1287 1129 (iniiam
1330 1064 1623 1151 ng.zr,1mpedi.tnt.
1691 1060 2063 1147 Etrrsmorliestcupidirar

553 1172 611 1217 aaa
624 1150 817 1239 est,qrrinra
854 1152 1137 1237 onornrupidirare
1155 1152 1287 1217 multum
1331 1152 1395 1236 ipfir
1415 1148 1686 1235 verirognofiendi
1699 1150 1762 1219 (sc.
1806 1146 2062 1231 Siadt'edlusille,

554 1240 713 1321 diuum,
723 1240 759 1303 in
771 1236 1002 1327 ineffigarione
1013 1236 1186 1325 eeri,poffit.
1207 1244 1289 1305 Tunc
1332 1242 1367 1306 in
1381 1236 1411 1303 se
1425 1235 1590 1323 spotiatus,
1607 1231 1784 1317 noxiusest,
1800 1234 2064 1323 quodaudlnrsa-

548 1324 605 1413 βε·
617 1324 944 1410 bonorempmponrre
955 1326 1027 1391 liter
1037 1372 1048 1407 ,
1058 1326 1290 1411 quaſspraecmi-
1333 1342 1432 1398 tetur,
1449 1319 1669 1409 reprimendus
1687 1324 1805 1408 potius,
1844 1327 2064 1393 uamexcim.

555 1412 764 1479 amenitatis
777 1414 933 1495 inuentae,
949 1429 989 1477 vr
999 1412 1292 1499 opificiliceropmc
1334 1408 1404 1491 dus,
1418 1428 1473 1477 aut
1489 1410 1804 1495 saltemvtcumquer
1849 1408 2003 1493 enandus,
2011 1430 2068 1498 per

548 1500 698 1587 ῥῆτραι
702 1498 767 1585 fibi
779 1500 948 1563 mercedem
956 1518 1135 1585 proponere.
1179 1506 1292 1587 Quem·
1334 1500 1473 1565 aliorum
1494 1492 1679 1563 adfedluum
1694 1500 1931 1568 excitationem.
1976 1500 2066 1567 llaec

559 1588 722 1651 adnodm
743 1586 839 1650 etiam
863 1588 981 1670 artifex
998 1608 1060 1651 non
1079 1588 1165 1651 et'ebet
1182 1607 1295 1651 merce·
1337 1588 1426 1653 enim
1443 1585 1591 1651 excitatio
1611 1583 1749 1649 aliorum
1775 1584 1959 1657 adfectuum
1986 1586 2068 1655 nihil

559 1674 626 1741 dm
643 1674 742 1739 elim
756 1674 893 1758 posere,
909 1693 1006 1759 qnam
1022 1691 1116 1757 opera
1134 1697 1196 1739 non
1214 1694 1295 1739 com·
1336 1669 1424 1740 aliud
1440 1666 1546 1751 efficit,
1559 1691 1657 1757 quam
1672 1688 1708 1739 vt
1719 1673 1839 1759 gloriae
1861 1672 2067 1761 cupiditatem

560 1760 706 1827 mmai
716 1783 730 1839 ς
753 1760 802 1824 ira
817 1760 1145 1847 necgloriarnffilinon
1159 1760 1295 1827 debitam
1336 1777 1509 1843 vtcutnque
1530 1776 1697 1835 coercente
1715 1757 1805 1845 quod
1825 1782 1894 1829 non
1915 1760 1985 1830 fitis
1998 1762 2068 1841 elit,

562 1868 676 1935 aequus
690 1847 835 1913 ueritatis
848 1846 1296 1935 indagarortribniptylulaiit.
1338 1870 1377 1915 ex
1395 1845 1486 1914 didtis
1500 1844 1611 1929 liquet.
1655 1844 1714 1913 Sed
1726 1850 1822 1914 mitto
1837 1850 1981 1935 reliquia.

562 1936 695 2015 ilerum,
710 1954 788 2001 cum
799 1932 920 2021 gloriae
928 1928 1095 2018 cupiditas,
1105 1936 1237 2001 illorum
1246 1938 1295 2001 iu·
1446 1932 1483 1965 *‘
1503 1932 1655 2015 Spedltnt
1671 1930 1746 1999 lmec
1761 1939 1929 2023 praecipue
1943 1936 2070 2005 adeam

566 2020 674 2103 ditio,
701 2024 761 2110 qui
779 2020 952 2105 scripturae
970 2020 1074 2087 iactae
1099 2020 1235 2090 dudlum
1250 2021 1297 2087 se·
1340 2016 1600 2097 meditationem,
1617 2042 1697 2105 quate
1708 2023 1792 2087 circa
1803 2042 1908 2089 rerum
1928 2022 2071 2091 conside·

567 2128 725 2195 quuntur,
748 2110 833 2171 inter
852 2106 1008 2175 eiusmodi
1025 2106 1165 2177 adtectus
1181 2112 1298 2174 merito
1341 2110 1499 2171 rationem
1517 2104 1663 2185 uniatur,
1679 2128 1817 2191 quamue
1829 2110 1922 2196 supra
1937 2120 1967 2195 §.
1985 2112 2071 2177 Vm.

569 2194 1064 2281 reserarunquinumqumteitio
1073 2212 1192 2277 carent,
1201 2193 1298 2263 adeo·
1341 2190 1414 2260 ideo
1429 2190 1752 2262 realrmvocuuimus.
1796 2198 1835 2263 ln
1849 2198 2074 2265 bemmuricr

566 2304 636 2369 que
648 2282 767 2369 semper
781 2283 874 2347 noxii
896 2280 987 2356 sent,
1008 2304 1177 2368 perperam
1190 2284 1300 2349 omni·
1342 2284 1430 2347 enim
1448 2276 1656 2347 meditatione
1672 2282 1771 2366 paulo
1785 2284 1877 2354 aliter
1890 2307 1958 2352 rem
1972 2286 2003 2353 se
2017 2283 2073 2352 lta-

570 2392 617 2439 no
635 2366 676 2437 ad
696 2364 901 2435 excitandam
921 2372 1134 2436 attentionem
1151 2366 1301 2437 aduoca·
1343 2369 1435 2446 bere,
1451 2360 1762 2453 constatastquidem
1780 2372 1816 2437 in
1830 2394 1866 2441 ee
1884 2370 1919 2440 id
1940 2375 2075 2461 agimus.

570 2474 629 2528 tur.
672 2458 745 2524 Nee
760 2453 922 2522 moderati
939 2472 1065 2523 tantum
1077 2456 1197 2543 gloriae
1210 2457 1301 2543 cupi·
1343 2472 1379 2521 vt
1393 2449 1567 2522 secundum
1589 2472 1687 2521 certas
1706 2456 1857 2555 regulae,
1877 2458 2077 2529 earumdem·

571 2542 662 2613 ditati
674 2540 849 2621 debemus,
861 2536 916 2609 sed
929 2538 1044 2623 eidem,
1061 2562 1219 2631 quantum
1229 2542 1302 2630 pos-
1345 2560 1408 2627 que
1425 2536 1674 2625 adplicationem
1696 2540 1890 2629 legitimam,
1910 2549 1946 2613 in
1963 2566 2080 2617 verum

572 2634 692 2711 sumus,
707 2626 863 2704 resisteret
876 2626 1030 2715 liquidem
1044 2650 1119 2695 eum
1140 2628 1302 2697 humilita-
1348 2629 1573 2714 &geminum
1593 2626 1734 2695 auctoris
1757 2628 1922 2699 cuiusdam
1934 2636 2077 2719 inquire

572 2738 619 2798 te,
630 2718 779 2783 omnibus
793 2731 962 2801 tantopere
976 2714 1306 2784 aeltristocotnmen·
1349 2713 1561 2781 mussensum.
1584 2712 1724 2781 Subinde
1733 2732 1839 2787 tamen
1849 2720 1943 2787 realis
1950 2722 2077 2809 pariter,

577 2806 665 2883 data,
678 2798 841 2871 consistere
850 2804 972 2888 nequit.
1014 2801 1148 2887 Necell,
1161 2801 1307 2892 qooddi-
1350 2824 1387 2869 ac
1407 2800 1632 2869 tennemonn
1650 2800 1833 2887 meditatio,
1854 2801 2080 2897 coniungenda

578 2912 644 2971 cas,
660 2908 729 2955 tunt
740 2888 848 2955 solum
864 2890 986 2977 gloriae
1007 2887 1174 2977 cupiditati
1196 2890 1307 2958 locum
1350 2888 1414 2965 est,
1436 2890 1493 2971 vri,
1506 2909 1582 2953 cum
1597 2910 1634 2955 ex
1649 2890 1800 2976 scriptura
1814 2894 1919 2977 sacra,
1936 2900 1994 2965 rite
2016 2899 2081 2983 pri-

576 2974 727 3059 eoncedi,
741 2971 875 3065 quando
891 2997 968 3041 cttm
979 2979 1120 3045 veritatis
1134 2980 1169 3047 &
1183 2980 1308 3045 virtutis
1351 2997 1444 3041 mum
1459 2996 1496 3043 ex
1519 2974 1628 3056 licata,
1645 2973 1687 3043 do
1709 3000 1762 3045 ma
1775 2982 1909 3069 aliquod
1928 2987 2083 3063 eruimus,

577 3086 687 3135 amore
700 3061 746 3133 est
760 3056 1031 3131 eoniunttiffina.
1073 3064 1207 3133 Gloriae
1222 3066 1309 3133 enim
1352 3059 1441 3151 quod
1505 3064 1630 3149 einceps
1672 2999 1801 3133 ulterius
1836 3068 2083 3139 consideramus.

578 3150 742 3306 laudisque
773 3146 947 3235 cupiditate
970 3155 1028 3237 qui
1045 3148 1189 3233 ducitur,
1212 3172 1312 3237 eaque
1355 3147 1491 3217 ldem&
1506 3151 1541 3214 in
1563 3146 1724 3239 theologia
1743 3153 1902 3239 polemico
1916 3158 2093 3241 usuvenit,¹

579 3240 679 3327 impul
695 3260 730 3305 us
746 3234 790 3303 ad
803 3238 921 3303 litteras
946 3235 1087 3317 accedit,
1112 3260 1175 3305 nec
1197 3243 1311 3306 verim-
1355 3232 1485 3321 quando
1507 3232 1547 3301 de
1567 3236 1730 3321 auctoris,
1759 3263 1857 3329 quem
1874 3244 2092 3315 refellendum

580 3346 656 3407 tem,
668 3348 729 3393 nec
753 3326 905 3391 virtutem
922 3324 1002 3389 serio
1026 3344 1131 3405 aznot,
1150 3323 1200 3392 sed
1223 3325 1312 3391 suam
1357 3324 1448 3387 nobis·
1463 3322 1627 3403 sumimus,
1640 3331 1777 3411 genuina
1796 3350 1904 3399 mente
1917 3334 2086 3403 sententia-

582 3434 705 3481 mttum
716 3412 867 3499 gloriam.
911 3413 1017 3497 Atque
1029 3411 1104 3477 hine
1121 3430 1218 3498 putet,
1234 3406 1313 3497 quid
1358 3431 1419 3494 qzte
1437 3411 1523 3493 prius
1549 3410 1671 3477 solliciti
1693 3414 1814 3497 sumus,
1833 3437 1902 3486 tum
1915 3444 1992 3489 vero
2008 3446 2087 3493 cun-

582 3498 622 3571 de
635 3506 673 3567 iis
695 3495 909 3577 censendum,
933 3520 1014 3585 quae
1030 3494 1114 3563 idem
1136 3502 1185 3565 vir
1199 3495 1314 3565 doetus
1358 3498 1408 3563 tta
1430 3494 1655 3580 expendimus,
1679 3522 1760 3585 quae
1781 3503 1822 3570 nd
1848 3511 2012 3577 ueritatem
2034 3512 2088 3581 de-

582 3608 681 3677 porto
705 3584 856 3654 subiicit:
878 3590 1001 3669 Semper
1018 3586 1057 3670 cst
1080 3586 1314 3663 recordandum,
1358 3579 1561 3662 fendendttm,
1578 3600 1633 3648 aut
1644 3586 1835 3655 luculentius
1856 3597 2088 3681 explicandam,

580 3696 651 3743 eum
662 3674 830 3759 triferium,
827 3669 937 3757 fisolas
934 3672 987 3757 stt,
995 3672 1198 3759 noxiumrffi5
1212 3674 1318 3757 itaque
1359 3690 1480 3737 errores
1495 3687 1601 3736 autem
1621 3671 1814 3755 refutandos,
1829 3682 1999 3763 pertinent.

740 3778 801 3853 Xl.
826 3776 944 3875 Quod
957 3774 1148 3851 meditatio
1165 3775 1245 3867 isto,
1257 3772 1319 3851 seu
1333 3794 1470 3848 attenta
1482 3796 1605 3850 rerum
1621 3775 1826 3855 diuinorum
1836 3782 2089 3883 consideratio,

589 3872 921 3977 cumrnquifirione,
934 3871 981 3955 dr
998 3872 1243 3951 diiudicarione
1246 3869 1434 3985 spirituali
1440 3924 1450 3960 ,
1474 3870 1605 3948 debent
1626 3874 1695 3950 elle
1716 3878 1929 3975 coniunc‘la,
1943 3908 2001 3963 res
2016 3886 2103 3991 ipsa'

586 3974 715 4051 doeet
762 3976 782 4048 1
826 3971 937 4065 uisuio
952 3996 1122 4072 namque,
1137 3973 1297 4048 veritatis
1311 3970 1643 4082 ittdicotnatnorem,
1665 3974 1746 4073 qui,
1767 3974 1996 4083 stvmquam,
2009 3972 2117 4067 tuns

585 4070 681 4153 sane
693 4090 734 4147 vt
745 4070 788 4147 ad
800 4094 827 4149 tt
839 4068 982 4149 necesse
991 4070 1059 4162 est,
1076 4095 1163 4147 cum
1175 4070 1223 4145 de
1239 4070 1347 4147 rebus
1362 4092 1509 4144 maxum
1523 4071 1722 4163 momenti,
1736 4094 1881 4155 aeterna
1895 4080 2093 4167 hominum

585 4169 852 4273 situtengitur.
869 4176 887 4209 ⁸
911 4166 1127 4247 Diiudicario
1140 4192 1230 4245 vero
1234 4164 1437 4267 spiritualis
1456 4164 1543 4242 ideo
1561 4169 1771 4271 requiritur,
1815 4176 1910 4273 uod,
1931 4184 1990 4258 vel
2011 4183 2109 4291 ipso·

585 4268 757 4377 apostolo
776 4268 918 4359 iudice,
935 4268 1051 4359 homo
1071 4268 1214 4364 dnm
1231 4292 1297 4343 non
1318 4260 1418 4367 pnfflr
1437 4264 1644 4366 cognoscere,
1664 4294 1757 4369 quae
1768 4198 1858 4373 lime
1867 4276 2109 4379 spirirus,eo,·

588 4366 687 4471 qaod
693 4368 927 4467 πνευματικῶς
939 4364 1181 4465 spiritualiter
1193 4362 1416 4443 diiudicanda
1418 4360 1504 4461 stur,
1518 4388 1541 4441 r.
1551 4366 1628 4443 Cor.
1636 4368 1679 4454 II,
1687 4392 1730 4459 14
2110 4408 2113 4419 ·

675 4488 691 4523 *
711 4488 881 4573 Simulque
895 4482 936 4553 ad
958 4468 1081 4553 certuni
1103 4509 1164 4553 nos
1183 4485 1271 4553 ducit
1285 4480 1322 4553 fi·
1363 4496 1444 4571 vt·§.
1451 4488 1593 4571 sequenti
1612 4484 1823 4565 ostendemuS.

589 4598 678 4657 mm,
692 4580 750 4662 qui
770 4576 868 4643 nobis
884 4577 920 4640 in
934 4570 1143 4641 meditatione
1157 4572 1248 4641 debet
1262 4576 1324 4641 elle
1451 4576 1486 4611 '¹'
1505 4574 1593 4640 Hinc
1608 4580 1800 4660 experientia
1815 4582 1925 4665 docet,
1938 4582 2115 4661 virosdo-[

588 4662 804 4743 constitutus,
825 4664 926 4749 quiue
938 4658 1003 4740 est,
1024 4678 1060 4727 vt
1071 4663 1237 4729 veritatem
1245 4682 1321 4749 cog-
1339 4678 1341 4717 ῑ
1366 4652 1542 4741 ttitsonos,
1584 4663 1777 4753 ingenioque
1803 4671 2115 4757 praestamiffim05‚'

588 4750 785 4829 noscamus,
806 4764 864 4815 aut
878 4751 913 4814 in
935 4749 1066 4839 cognita
1080 4744 1321 4832 confirmemur,
1365 4750 1573 4836 quantumuis
1596 4770 1709 4828 ornnes
1724 4762 1832 4843 ,mitur
1854 4766 1934 4833 vires
1947 4768 1980 4832 in
1995 4763 2095 4833 medi-

675 4858 754 4913 evn.
775 4856 932 4911 uuoeee.
1492 4834 1528 4907 li
1976 4856 2098 4927 mim„
