5259 5967
746 706 751 715 '
811 692 880 767 DE
901 694 1448 770 onoonnotvntnrmvs
1469 696 1838 773 Tnaonootcts.
2009 700 2071 774 tot

557 846 711 929 laudato,
732 843 1182 932 methodoquefl'udiihistorici
1199 864 1295 909 unu·
1343 844 1471 908 mnibus
1479 839 1541 909 dici
1555 843 1691 926 possent,
1705 839 1758 907 sed
1766 864 1866 928 pauca
1881 857 2006 908 tantum
2014 844 2071 908 ob·

559 950 686 1001 eneti
708 954 764 999 ov
786 954 979 999 frustror
1001 928 1126 1011 addito,
1136 931 1250 996 tum&
1265 932 1299 993 in
1342 928 1471 994 seruasse
1483 930 1618 994 iuuabit.
1678 931 1724 993 Ita
1738 950 1878 1013 namque
1892 927 2072 996 haeccotn.

563 1020 751 1087 bibliotheca
766 1015 1300 1103 Menedenionoffiuaehocipsoan.
1341 1032 1450 1101 parata
1465 1014 1547 1096 sunt,
1562 1034 1598 1079 vt
1609 1036 1679 1080 non
1692 1032 1818 1081 tantum
1830 1020 1863 1081 itt
1880 1013 2009 1081 historia
2025 1020 2071 1082 ci·

563 1124 649 1189 1723
664 1104 799 1194 prodiit,
813 1126 848 1191 p.
861 1108 1019 1191 242.fi·qq.
1044 1106 1082 1169 ln
1096 1101 1146 1169 hie
1158 1102 1210 1169 vel
1228 1124 1297 1169 ma·
1341 1104 1410 1181 uili,
1425 1094 1688 1169 sedecclesrastica
1703 1122 1846 1187 quoque,
1856 1125 1893 1169 ac
1906 1104 2069 1185 litteraria,

562 1196 650 1262 xime
668 1190 835 1261 adrerum
855 1196 1109 1279 germanicarum
1126 1190 1296 1275 scriptores
1340 1189 1451 1255 lotum
1465 1191 1643 1255 inueniant.
1694 1188 1746 1254 Ad
1762 1191 1902 1274 primum
1913 1186 2005 1276 quod
2019 1208 2069 1256 at-

563 1278 800 1349 attendendum
812 1278 876 1354 est,
898 1300 973 1345 cum
989 1296 1080 1363 turpe
1091 1274 1146 1358 stt,
1160 1274 1199 1343 de
1212 1294 1297 1342 exte-
1340 1280 1440 1356 tinet,
1461 1296 1593 1341 omnem
1615 1272 1779 1342 historicus
1799 1298 1918 1343 nauare
1936 1297 2071 1361 operam

563 1388 678 1435 rorum
690 1368 784 1433 rebus
795 1368 857 1432 etse
870 1366 1052 1444 sollicitum,
1065 1362 1189 1429 dumea
1204 1366 1297 1449 igno·
1341 1362 1442 1443 debet,
1456 1379 1492 1428 vt
1507 1357 1772 1429 adcuratiffimam
1788 1384 1923 1444 eorum,
1945 1362 1984 1431 de
1999 1366 2071 1449 qui-

562 1476 683 1534 ramus,
697 1475 782 1541 quae
796 1450 889 1517 domi
906 1456 940 1519 dt
953 1450 1041 1537 apud
1053 1473 1114 1516 nos
1133 1468 1296 1536 geruntur,
1340 1451 1397 1515 bus
1412 1449 1543 1515 scribere
1556 1448 1602 1513 illi
1617 1454 1743 1516 animus
1757 1448 1811 1531 est,
1826 1471 1889 1535 qua
1905 1473 2019 1517 ornnes
2034 1450 2069 1515 dt

564 1542 601 1611 ὅ(
619 1542 702 1609 oiim
722 1536 805 1626 gesta
823 1538 904 1603 sunt.
968 1540 1079 1603 Facem
1096 1559 1174 1603 vero
1197 1540 1296 1603 etiam
1341 1534 1473 1621 singulas
1489 1534 1756 1617 circumstantias,
1774 1540 1923 1603 notitiam
1943 1535 1999 1604 srbi
2012 1533 2068 1603 ad·

559 1624 799 1715 quamdamhie
815 1624 967 1711 praeferet
984 1645 1295 1703 Mremttenztvs,
1340 1628 1454 1709 quirat.
1498 1620 1596 1707 quue
1611 1625 1707 1712 longe
1723 1620 1952 1705 difficiliusest,
1968 1645 2067 1710 quam

563 1718 600 1781 in
613 1712 796 1779 bibliotheca
810 1712 1204 1798 gomanica,fiuenotitro
1216 1712 1294 1792 scri·
1339 1712 1482 1796 plerique
1495 1707 1640 1777 credunt.
1683 1709 1953 1779 Raroadmodum
1968 1708 2068 1778 histo·

559 1818 687 1889 prorum
719 1820 823 1864 rerum
845 1800 1119 1885 germanicarum,
1141 1794 1294 1863 Erflurthi
1338 1800 1394 1863 rici
1410 1819 1445 1862 ea
1459 1798 1567 1862 litteris
1590 1795 1677 1864 consi
1700 1816 1796 1879 nant,
1815 1800 1930 1884 quibus
1943 1794 2067 1884 ipsimet

562 1891 650 1971 1679
661 1886 717 1953 fol.
726 1884 820 1961 editor
829 1883 1293 1971 cnimeritoiungcndanmn.
1337 1883 1558 1951 interfuerunt.
1601 1820 1727 1951 Abasiis
1740 1888 1846 1971 itaque
1861 1882 2068 1971 sraccipiant,

562 1996 674 2041 orer.
687 1994 900 2040 Mutuomrr
916 1974 1017 2036 oratio
1038 1974 1227 2058 degtnuinis
1245 1970 1294 2036 hi·
1338 1969 1551 2037 dubitandum
1570 1970 1708 2056 semper,
1730 1992 1870 2056 quanam
1891 1967 1953 2039 fide
1972 1973 2018 2039 illi
2032 1970 2067 2039 id

556 2060 674 2151 sturiae
690 2062 890 2147 germanicae
911 2061 1078 2141 fhntibos,
1105 2053 1295 2124 Helmstadii
1339 2056 1485 2123 referant.
1552 2057 1660 2123 Multo
1675 2061 1775 2145 magis
1792 2056 1896 2124 adhuc
1917 2056 2067 2125 dubitati.-

566 2168 661 2229 ¹70¹·
676 2168 708 2229 4.
716 2152 857 2233 itemque
871 2166 1050 2231 namo
1060 2166 1131 2211 not
1146 2164 1297 2211 nnunt-
1339 2144 1429 2223 dum,
1446 2140 1617 2231 siipfitnet,
1630 2147 1685 2231 qui
1698 2165 1746 2211 ret
1757 2161 1937 2211 memoratu
1955 2143 2066 2231 dignae

563 2256 606 2303 nr
617 2236 818 2300 dirodiorium
831 2235 864 2295 in
877 2237 1065 2315 omnesfi're,
1074 2228 1296 2317 quossupersti·
1337 2230 1503 2317 gesserunt,
1517 2247 1572 2295 aut
1584 2230 1715 2297 illorum
1729 2230 1921 2313 administri,
1934 2230 1997 2298 hoc
2015 2254 2068 2299 te·

564 2338 610 2387 tes
630 2320 795 2400 hademare,
810 2318 1023 2405 chronologos,
1044 2320 1208 2383 annalium
1218 2318 1296 2399 scri-
1339 2318 1449 2384 ferant.
1494 2315 1636 2400 Accedit,
1655 2316 1890 2406 quodilli,'qui
1912 2318 2065 2387 historico

562 2426 675 2493 ptores,
691 2406 903 2493 &hssoricon
912 2402 1295 2490 potffmumromonigor·
1338 2408 1476 2492 primam
1490 2406 1656 2469 materiam
1666 2405 1877 2491 suppeditant,
1888 2404 1976 2473 haud
1989 2427 2064 2474 tato

565 2493 881 2579 mnictqueoooperii,
903 2490 993 2577 quod
1012 2487 1237 2557 acceslionibus
1259 2511 1295 2554 ac
1337 2490 1398 2557 ase
1411 2493 1550 2556 inuicem
1558 2494 1775 2576 maximopere
1787 2490 2065 2578 discrepentrvnde

564 2578 842 2649 emendationibus
862 2577 1053 2664 quibusdam
1071 2577 1112 2644 ad
1126 2580 1294 2643 meliorem
1336 2582 1371 2644 in
1383 2576 2065 2663 istarerumobscuraruminuestigatione,&

564 2666 679 2735 faciem
689 2664 859 2733 reductum
871 2663 979 2731 recudi
991 2668 1125 2743 curauit,
1138 2661 1294 2750 simulque
1336 2684 1486 2731 vetorum
1500 2660 1603 2729 asalsrs
1617 2664 1826 2745 discretione,
1841 2663 1926 2731 haud
1941 2664 2064 2731 medio-

564 2776 683 2821 πει».
715 2772 964 2819 siorrranrr
994 2749 1293 2835 offrutiunculon,
1334 2754 1381 2818 cri
1396 2748 1540 2837 prosedo
1554 2748 1675 2818 iudicio
1687 2771 1770 2836 opus
1786 2750 1840 2819 est.
1890 2754 1987 2833 Sunt,
2006 2752 2064 2837 qui

565 2842 607 2905 dc
615 2841 787 2925 praecipuis
797 2840 1000 2923 ftrrptoribus
1016 2836 1160 2924 br'siorioe
1169 2856 1294 2924 genna-
1336 2858 1434 2904 omne
1448 2836 1566 2904 caussae
1584 2836 1774 2923 praefidium
1793 2841 1828 2903 in
1849 2835 1988 2923 scriptis,
2002 2858 2064 2903 ne·

564 2928 654 2992 nicae
662 2924 794 3005 adiecit,
811 2928 860 2989 vir
885 2920 1081 2993 dottifflmus
1099 2946 1150 2991 ro.
1164 2944 1291 2989 uavro
1337 2927 1425 2991 mine
1437 2925 1622 3010 principum
1635 2925 1899 3010 summorumque
1906 2930 2066 3013 impetan-

565 3022 790 3094 totnonis,
804 3008 955 3078 Aitdorffi
973 3030 1119 3094 1720,4.
1337 3015 1421 3079 tium
1450 3006 1559 3091 editis,
1581 3012 1768 3091 collocant,
1798 3009 1944 3098 nihilque
1965 3008 2064 3093 aliud.

650 3095 1295 3184 Superestatsecundumordinemquem
1337 3119 1435 3186 quam
1454 3094 1648 3182 diplomata,
1669 3100 1795 3183 aliaque
1816 3096 1977 3167 eiusmodi
1992 3119 2065 3165 mo-

560 3188 655 3275 supta
670 3186 768 3253 nobis
783 3182 1051 3271 praescripsimus,
1073 3184 1112 3251 de
1134 3184 1295 3252 charade·
1337 3202 1491 3252 numerata
1503 3185 1650 3268 publica,
1666 3200 1808 3271 crepant.
1856 3186 2067 3265 Necabauo,
2110 3248 2113 3253 .

558 3277 649 3342 ribus
666 3274 750 3340 boni
771 3268 916 3339 historici
935 3268 1055 3359 aliquid
1074 3268 1245 3350 addamus,
1261 3284 1296 3334 vt
1338 3269 1682 3357 multumeaprodeffe,
1697 3268 1875 3357 erdefastis
1887 3268 2068 3358 ipson-taus-

556 3382 602 3431 eo
626 3360 745 3429 reilius
755 3358 943 3445 faciliusque
964 3358 1111 3426 setectum
1132 3356 1295 3423 instituere
1338 3356 1448 3445 fitque,
1460 3377 1540 3444 quas
1552 3357 1669 3425 summi
1682 3361 1874 3444 imperanter
1911 3380 1963 3428 rae
1977 3357 2068 3427 sese

583 3464 729 3527 ueamut,
745 3442 1040 3531 condistamusque
1059 3449 1193 3531 quinam
1206 3463 1296 3530 prae·
1339 3447 1590 3525 runt,certiotee
1611 3442 1797 3521 reddamur,
1819 3468 1878 3513 cau
1903 3468 1942 3515 ae
1959 3463 2070 3515 autem

552 3472 685 3603 suen&
695 3532 826 3619 reliquis
841 3529 912 3598 smt.
975 3533 1058 3597 Boni
1077 3536 1185 3617 itaque
1196 3528 1296 3596 histo-
1339 3536 1500 3611 internae,
1517 3552 1595 3616 quas
1606 3530 1662 3595 alii
1674 3528 1822 3597 suasorias
1834 3549 1969 3613 vocant,
1983 3531 2071 3600 adse

552 3624 619 3691 rici
635 3618 766 3688 laudem
779 3616 900 3701 reseret,
913 3620 969 3703 qui
988 3616 1027 3685 de
1041 3622 1079 3683 iis
1088 3618 1206 3699 scribit,
1214 3636 1297 3702 quae
1339 3621 1472 3703 &usque
1489 3612 1670 3685 &consilia
1691 3624 1824 3697 atcana',
1844 3638 1920 3683 cum
1939 3618 2069 3687 summe

552 3710 634 3777 setis
653 3702 715 3775 fibi
731 3722 897 3793 comperta
914 3706 987 3772 sunt
1008 3724 1105 3790 atque
1117 3706 1297 3790 explorata:
1339 3702 1445 3773 studio
1460 3702 1764 3779 occultarisoleanta
1778 3703 1972 3773 haecumen
2002 3726 2069 3773 rae

557 3788 693 3873 deinde,
703 3796 759 3879 qui
772 3789 1061 3859 veritatisstudium
1073 3786 1296 3876 supremamsr-
1342 3796 1474 3879 eipuum
1492 3792 1527 3856 in
1542 3786 1900 3868 historiassmomentum
2041 3784 2102 3865 ις’

551 3882 623 3947 bii
646 3877 679 3944 se
691 3876 797 3945 statuit
806 3879 928 3965 legem,
942 3900 962 3944 a
978 3900 1042 3964 qua
1051 3899 1228 3965 numquam
1241 3874 1301 3944 dis·
1343 3899 1458 3967 parum
1472 3876 1630 3945 eiusmodi
1650 3878 1765 3963 scripta
1784 3878 1935 3965 publiea,
1957 3881 1994 3944 in
2009 3898 2070 3955 eo,

547 3988 602 4036 ee
629 3982 688 4039 ata
707 3968 779 4049 qui,
790 3966 945 4045 minutiis,
954 3968 1125 4050 rebusque,
1139 3987 1215 4051 quas
1223 3966 1300 4030 scite
1342 3963 1432 4051 quod
1443 3986 1481 4031 ca
1506 3983 1542 4032 ut
1555 3964 1677 4031 caussae
1695 3962 1757 4044 est,
1771 3962 1891 4031 adfene
1916 3960 2072 4051 praesidii,

556 4050 694 4121 nultius
715 4066 770 4115 aut
787 4073 963 4139 paucorum
984 4050 1135 4130 mterest,
1163 4068 1300 4138 praetet-
1366 3987 1512 4124 alamess.
1578 4051 1649 4117 Plus
1667 4049 1932 4131 lucisinterdutn,
1951 4052 2073 4119 tumiu

561 4132 668 4207 miffis
675 4182 689 4219 ,
709 4135 765 4201 illa
783 4138 994 4220 misceatur,
1009 4158 1093 4225 quae
1104 4134 1201 4225 digna
1215 4138 1299 4217 sunt,
1368 4140 1436 4219 sce,
1450 4159 1520 4205 turn
1535 4139 1570 4203 in
1585 4137 1672 4218 aliis,
1687 4138 1862 4223 largiuntur
1887 4152 2073 4206 comenta-

561 4245 711 4313 quorum
724 4230 880 4292 memoria
893 4221 935 4291 ad
947 4222 1299 4312 posterospropagetur,
1341 4230 1396 4308 rii,
1410 4247 1492 4313 quos
1505 4224 1593 4290 Galli
1604 4226 1763 4289 memores
1782 4240 1920 4306 vocant,
1946 4221 2013 4292 fiue
2033 4224 2076 4293 ab

572 4332 690 4397 porro,
752 4307 903 4379 idieendi
926 4332 1039 4399 genere
1057 4314 1156 4379 vtitut
1180 4312 1300 4398 perspi·
1342 4312 1415 4401 ipsis
1424 4334 1529 4379 rerum
1543 4305 2073 4392 memorabiliumaudioribunfiue

514 4402 517 4407 '
571 4416 636 4463 tuo
651 4398 809 4485 depono,
824 4402 871 4481 dt,
886 4396 927 4465 ad
941 4398 1073 4466 letiores
1086 4398 1172 4465 rede
1185 4396 1301 4466 instru·
1343 4403 1383 4469 ab
1395 4404 1445 4480 iis,
1455 4396 2075 4487 quiintimiotemquamdamrerumge·

574 4478 777 4571 eudosapt03
806 4484 954 4571 denique,
968 4490 1024 4571 qui
1036 4484 1075 4552 de
1084 4488 1198 4566 rebus,
1219 4507 1300 4572 quas
1343 4486 1459 4555 statum
1472 4488 1621 4554 notitiam
1635 4482 1823 4566 habuerunt,
1839 4483 1900 4554 sint
1915 4481 2074 4571 compost-

572 4587 684 4651 ·norrat,
698 4568 986 4641 secundumredae
1002 4575 1301 4659 rationisprincipia
1343 4579 1380 4642 ti.
1422 4571 1494 4653 Sed,
1510 4594 1585 4639 curn
1602 4588 1698 4637 antea
1714 4574 1780 4639 iam
1804 4572 2008 4640 obseruatum
2027 4568 2075 4650 sit,

583 4654 725 4727 iudicium
737 4657 821 4727 ferte
837 4656 951 4745 potest.
994 4658 1102 4729 Multa
1115 4656 1154 4729 de
1165 4658 1251 4735 hisce
1262 4682 1300 4731 o·
1343 4662 1417 4745 iilis,
1432 4665 1488 4748 qui
1502 4657 1628 4743 ipsimet
1635 4658 1695 4730 sua
1707 4658 1790 4731 sessa
1803 4676 1944 4745 narrant,
1953 4675 2009 4727 aut
2021 4676 2076 4723 oc·

514 4776 528 4815 t
650 4766 733 4819 ovo.
755 4764 911 4819 tsaaooe.
1487 4746 1519 4818 X
1978 4739 2076 4814 eali·-
