5259 5967
997 706 1066 779 DE
1095 706 1413 781 THEOLOGIA
1446 707 1667 781 MORALI.
1756 781 1760 787 ,
1790 733 1798 756 ¹
2034 724 2097 797 585

576 806 2025 839 *mm—-
2044 822 2083 829 --

581 849 741 934 nuando,
763 872 862 939 quam
886 850 926 919 de
955 872 1046 919 nouo
1070 851 1313 935 concinnando,
1359 856 1539 941 meritoque
1560 852 1798 921 adnumeratur.
1868 854 1940 919 Nee
1960 854 2095 919 minoris

577 945 677 1013 illum
686 939 861 1007 sollicitum
874 938 973 1021 fuisse,
981 938 1082 1021 refert,
1091 958 1198 1007 morte
1206 957 1313 1007 tamen
1358 939 1590 1007 aestimandum
1609 962 1655 1008 ro.
1668 961 1755 1008 curt.
1775 958 1882 1007 narrar
1898 938 1997 1005 nostri
2013 959 2093 1004 com-

580 1031 673 1118 spem
697 1024 789 1093 iliam
812 1047 948 1093 omnem
972 1029 1217 1109 interamenta,
1276 1025 1314 1093 ld
1351 1028 1498 1113 pendium
1512 1027 1681 1115 theologiae
1694 1028 1832 1107 moralis,
1848 1026 1943 1113 officio
1957 1024 2091 1091 hominis

581 1140 661 1187 vero
674 1112 730 1194 est,
746 1111 835 1199 quod
849 1114 963 1179 audior
970 1114 1193 1198 praefationis,
1206 1134 1313 1181 nouae
1355 1112 1588 1202 christianicum
1594 1112 2089 1201 generaliaquomquoaclfinou-

582 1203 732 1280 editioni,
744 1221 808 1285 qua
813 1200 964 1284 specimen
979 1198 1071 1281 illud,
1084 1200 1171 1267 hunc
1186 1203 1222 1267 in
1237 1221 1311 1267 mo·
1354 1201 1401 1267 les
1415 1200 1536 1267 ordines
1544 1204 1577 1266 in
1586 1200 1702 1285 ecclcfin
1718 1203 1757 1273 (θ’
1772 1200 1926 1284 republica
1931 1200 2087 1287 specialia,

583 1290 664 1357 dum
688 1288 899 1372 inscriptum:
929 1286 1081 1373 theologia
1104 1289 1234 1353 morulis
1250 1286 1314 1371 sthi
1357 1286 1503 1353 exhibens
1518 1290 1582 1358 &a
1611 1289 1705 1355 lenae
1725 1290 1818 1369 1697.
1835 1298 1863 1362 8.
1878 1284 1966 1373 quod
1980 1288 2087 1351 omni-

581 1372 813 1464 constans,fiue
823 1374 958 1437 eiusdem
971 1374 1314 1461 (renouatusprci-
1357 1375 1417 1440 bus
1432 1372 1513 1442 forte
1529 1378 1564 1441 in
1577 1372 1640 1441 hoc
1654 1395 1785 1461 genere,
1809 1393 1893 1439 certe
1911 1370 2088 1439 secundum

582 1460 1313 1547 mentheologiuemorulis,qninquedispectutie-
1357 1457 1592 1529 eam'traliandi
1600 1464 1772 1540 raiionem,
1781 1481 1862 1547 quae
1870 1456 1929 1525 isto
1943 1478 2090 1545 tempore

581 1552 676 1617 nihus
689 1568 762 1613 ocra
777 1548 816 1619 ca*
834 1548 996 1613 naturalia
1015 1549 1094 1612 iuris
1112 1566 1205 1632 atque
1221 1546 1314 1613 hone·
1356 1546 1464 1614 vsrtara
1474 1564 1550 1627 crat,
1560 1544 1690 1613 dubiam
1699 1544 1897 1615 redditurum
1912 1545 2014 1613 fuisset
2021 1546 2090 1633 pal·

576 1637 671 1725 statis
684 1634 837 1720 principia
856 1635 1050 1716 eruentibus,
1073 1656 1156 1700 anno
1169 1640 1233 1717 totio
1246 1634 1313 1718 pri·
1356 1654 1455 1713 mam,
1465 1630 1523 1699 nih
1539 1654 1626 1698 mors
1641 1650 1842 1719 praematura
1856 1632 1993 1698 aulioris
2008 1633 2089 1699 bene

584 1744 670 1791 mum
678 1720 793 1807 publici
806 1722 884 1784 iuris
889 1722 1034 1804 folium,
1050 1739 1107 1805 prr
1118 1722 1244 1787 ndcliccs
1253 1736 1317 1785 tres
1359 1738 1550 1807 coeptorum
1565 1722 1745 1805 abripuisset
1759 1716 1859 1785 filum.
1903 1722 1950 1785 Ex
1963 1717 2089 1785 duobus

584 1812 668 1879 alies
686 1809 921 1893 disputationes,
945 1808 985 1877 τί
997 1811 1213 1892 conscriptam,
1234 1827 1316 1872 ncenc
1359 1810 1463 1886 enim,
1488 1808 1603 1891 quihus
1619 1829 1702 1893 opus
1718 1806 1819 1874 hocce
1834 1803 1977 1871 constare
1994 1802 2088 1871 debe-

586 1900 701 1963 editom
713 1894 1075 1977 uoucmdisputoeionem,
1084 1894 1316 1977 reuiſsonemque
1359 1895 1431 1973 bat,
1456 1896 1566 1973 tomis,
1577 1898 1670 1977 ¹prior
1683 1894 1798 1973 solum,
1814 1892 1849 1961 dc
1862 1914 1902 1960 ne
1916 1895 1941 1959 is
1956 1888 2087 1977 quidem

582 1988 724 2071 priorum
736 1982 780 2045 cd
788 1996 919 2044 mortem
932 1980 1073 2062 usqueoh
1083 1982 1206 2043 utiliore
1219 1981 1315 2044 conti·
1358 1980 1483 2066 prorsus
1495 1976 1536 2045 ad
1551 1974 1649 2045 finem
1663 1976 1842 2063 perductus,
1852 1977 1923 2063 poll
1937 1978 2088 2045 viribeati

585 2088 728 2148 nuntiem,
743 2068 782 2133 tt
797 2067 903 2129 addito
918 2066 1131 2149 qualicumque
1140 2068 1239 2151 operis
1242 2067 1316 2148 stop·
1359 2070 1488 2134 obitum
1502 2068 1538 2131 in
1548 2064 1654 2129 lucem
1671 2061 1803 2148 prodiit.
1847 2062 1992 2147 Addere,
2006 2084 2089 2150 quae

580 2160 735 2246 plemenco
744 2197 755 2233 ,
777 2173 815 2215 ex
830 2150 948 2235 collegio
963 2152 1094 2215 ciusdem
1112 2153 1315 2235 mnnufircpeo
1358 2151 1487 2233 desunt,
1504 2147 1660 2237 adgrellus
1672 2148 1715 2216 est
1726 2170 1837 2218 roan.
1853 2172 1880 2216 re
1892 2172 1973 2217 ren.
1988 2169 2088 2217 unre-

584 2243 775 2327 completum,
790 2234 1061 2319 Rostochii1706.
1078 2250 1108 2311 8.
1131 2239 1194 2304 luci
1210 2238 1316 2322 publi·
1360 2260 1475 2319 orvs,
1500 2236 1587 2303 edito
1601 2257 1690 2303 anno
1711 2254 1811 2320 1703,
1833 2236 1874 2303 ad
1888 2239 2090 2302 Boiorionum

582 2352 639 2399 cae
660 2324 838 2411 expositum
861 2321 939 2405 fuit,
961 2324 1161 2409 praemill'ae,
1185 2323 1314 2409 prorsus
1355 2322 1437 2391 iliud
1451 2324 1678 2409 compendium,
1686 2324 1892 2409 supplemento
1898 2348 1911 2401 ‚-
1933 2320 2088 2407 quemad·

583 2432 691 2501 negat,
704 2416 784 2497 quin
798 2413 905 2495 potius
919 2404 1088 2477 confilium
1103 2409 1144 2477 de
1157 2406 1314 2476 mutanda
1356 2408 1493 2478 modum
1512 2410 1547 2477 &
1564 2407 1661 2475 ductu
1679 2429 1715 2475 ae
1736 2408 1879 2495 auspiciis
1898 2428 1947 2475 ro.
1963 2426 2088 2476 anun.

583 2504 744 2571 sententia
758 2500 792 2563 in
808 2495 991 2585 theologiae
1003 2497 1133 2563 moralis
1147 2496 1313 2563 tradatio-
1357 2516 1580 2575 scnrctorr,
1602 2493 1713 2562 theolo
1737 2492 2011 2563 'Helntlladienlrs
2025 2496 2090 2561 cla·

583 2609 629 2656 ne
650 2602 880 2653 sertoriano
909 2604 1088 2670 numquam
1109 2584 1143 2649 in
1169 2598 1314 2649 mentem
1357 2578 1484 2663 rillimi,
1501 2584 1633 2650 iuuenes
1646 2584 1703 2669 qui
1744 2604 1779 2647 m
1793 2582 1987 2671 collegerunt
1989 2581 2088 2668 fesci-

583 2671 834 2752 venille,acriter
847 2668 1024 2737 contendit.
1068 2666 1315 2823 Quidpuideius
1356 2666 2090 2754 cuhcmqunlionconrnorcliuon,exheucihaie-

585 2760 644 2841 lit,
666 2756 754 2825 fivel
767 2758 924 2835 maxime,
946 2758 1028 2821 circa
1045 2752 1159 2822 metho
1183 2777 1238 2822 um
1253 2775 1316 2822 tra·
1357 2756 1387 2823 ri
1399 2755 1552 2843 theologie
1568 2756 1683 2822 meruli
1695 2758 1911 2840 dedullarum,
1932 2758 1972 2827 θ’
1986 2756 2091 2823 maxi·

587 2844 696 2919 diandi
711 2842 910 2929 theologiam
925 2842 1103 2921 moralem,
1124 2842 1318 2908 sententiam
1357 2862 1443 2909 mern
1449 2844 1729 2927 pcrrrmexrodem
1741 2849 1866 2910 uuliore
1879 2844 2089 2927 resolutorum,

547 2968 551 2974 ·
587 2930 735 3003 mutaffet
754 2949 1016 3003 senonense
1036 2931 1117 2994 vitio
1131 2945 1240 2995 tamen
1253 2924 1317 2993 hoc
1382 2950 1456 2995 uem
1470 2949 1557 2993 anno
1578 2933 1659 3008 ¹⁶98
1679 2921 1818 2995 examini
1835 2929 2035 2996 eruditorum
2052 2932 2089 2995 ia

586 3024 620 3091 ei
635 3021 717 3085 vetti
730 3037 800 3082 non
813 3016 978 3102 potuillet,
994 3035 1191 3102 quamquam
1203 3013 1317 3081 Pufen-
1359 2950 1627 3101 disputationibus
1648 3016 1783 3099 publicis
1803 3018 1837 3080 in
1852 3013 1963 3083 eadem
1978 3011 2090 3082 acade-

585 3102 735 3175 dothana
748 3102 803 3169 illa
819 3100 991 3169 methodus
1006 3106 1041 3168 in
1059 3097 1318 3167 eesolumtheo·
1362 3106 1427 3170 mia
1443 3099 1663 3167 submiserunt.
1707 3103 1778 3168 Nec
1787 3099 2089 3188 praetermittendus

586 3194 696 3280 logiae
706 3188 838 3256 moralis
844 3206 950 3343 parte,
959 3210 1040 3274 quae
1048 3185 1088 3254 de
1099 3184 1212 3255 officiis
1227 3206 1317 3272 prae-
1362 3188 1416 3257 hic
1430 3186 1473 3253 eli
1487 3208 1602 3254 nnnc.
1615 3208 1771 3256 sotsac
1783 3209 1872 3271 cus,
1895 3192 1983 3257 cuius
1997 3189 2092 3275 quip-

586 3282 678 3367 cipit,
686 3280 734 3343 vti
742 3290 837 3343 antea
867 3278 994 3356 inimus,
1002 3272 1164 3360 procedat.
1208 3272 1318 3355 Qam
1362 3272 2095 3363 pemedularheotogicemercus,scurranum

587 3370 664 3439 licet
680 3366 779 3431 etiam
800 3365 968 3447 praecipue
989 3361 1197 3444 compendium
1217 3355 1319 3424 hocce
1362 3360 1546 3447 theologicus
1562 3362 1598 3425 de
1616 3360 1932 3447 irreprehensibilitate
1952 3361 2094 3451 praepri-

588 3470 812 3523 §cuonrat
838 3446 1089 3532 compledlatum
1125 3444 1190 3510 hoc
1210 3460 1320 3511 tamen
1362 3448 1423 3513 mit
1430 3446 1581 3534 fidelium,
1591 3450 1684 3513 variis
1697 3445 1900 3534 philologieis
1915 3451 2094 3536 &polemi-

590 3560 667 3609 cum
682 3538 854 3622 plerisque,
872 3538 929 3619 qui
942 3549 1015 3599 ante
1029 3530 1170 3597 nostram
1183 3548 1320 3597 aetatem
1364 3540 1410 3601 cis
1424 3532 1698 3599 obseruationibus
1711 3532 1937 3617 interstiniius,
1957 3538 2095 3603 Franco·

590 3632 628 3694 in
653 3622 753 3691 hocce
771 3641 888 3705 campo
902 3621 1022 3771 indm
1044 3622 1126 3685 uires
1154 3618 1322 3701 periclitati
1364 3620 1439 3687 furti
1453 3618 1487 3685 ὰ
1501 3615 1623 3704 Lipsiae
1638 3636 1731 3702 1703.
1748 3632 1778 3695 8.
1801 3619 1938 3707 prodiit,
1967 3622 2003 3689 δι
2019 3624 2095 3689 licet

590 3714 676 3793 sunt,
685 3712 927 3777 eicommunee
962 3708 1323 3790 equippequiea,quae
1365 3722 1619 3775 certamtantum
1632 3702 1814 3793 theologiae
1825 3726 1960 3793 partem,
1970 3706 2096 3773 deirre-

591 3796 634 3867 ad
646 3802 882 3867 incrementum
894 3796 978 3860 vitae
987 3791 1155 3877 spiritualis
1170 3790 1322 3875 speciant,
1358 3790 1616 3882 prehenfihe'litete
1627 3792 1789 3879 fidelium,
1811 3794 1995 3883 pertrallem
2018 3794 2095 3860 talia

590 3884 633 3953 de
646 3882 761 3969 quibus
775 3879 942 3967 theologia
955 3878 1095 3957 moralis,
1104 3876 1209 3944 stridis
1222 3874 1263 3942 stc
1274 3874 1323 3942 di·
1365 3898 1473 3947 tamen
1480 3874 1675 3965 adfertquae
1681 3881 1820 3947 multum
1829 3881 2098 3967 prosunt,quaeue

595 3972 663 4047 eta,
679 3968 816 4030 inarime
828 3967 961 4033 sollicita
972 3964 1033 4042 est,
1055 3981 1110 4030 aur
1122 3964 1324 4050 praetermit·
1368 3966 1488 4033 nescire
1503 3960 1779 4045 decetneminem.
1836 3988 1965 4035 aternu
1979 3986 2099 4032 stanv-

595 4068 746 4132 tunt,aut
759 4071 852 4135 parce
866 4056 961 4119 nimis
977 4054 1152 4137 attingunt,
1165 4066 1249 4115 certe
1262 4048 1326 4115 dit·
1369 4074 1457 4132 cnu,
1480 4048 1624 4141 theologi
1639 4052 1924 4141 Wittenbergensrs
1944 4056 2098 4139 primum,

592 4145 718 4211 crimen
730 4138 849 4222 gratiae
868 4140 901 4205 dt
914 4160 1063 4217 naturae,
1078 4142 1194 4224 inquo
1207 4138 1326 4221 praeci·
1369 4136 1487 4206 deinde
1500 4136 1715 4220 Gedanensrs,
1737 4140 1885 4207 dollrina
1900 4142 1936 4209 ἀ
1950 4138 2021 4206 fatis
2036 4140 2099 4207 suis

594 4248 698 4318 puum
712 4222 844 4289 moralis
866 4221 1032 4292 dolicinae
1054 4240 1153 4313 caput
1175 4221 1327 4301 consistit,
1370 4218 1977 4313 notilhmi,theologiummorclem,post
1990 4226 2100 4295 audio-

596 4337 666 4383 non
679 4309 847 4379 euoluunt.
913 4310 1078 4392 Quaedam
1096 4330 1222 4391 tamen,
1245 4329 1328 4395 quae
1371 4314 1413 4379 ris
1443 4313 1573 4379 obitum
1607 4312 1732 4397 edidit,
1768 4318 1859 4404 eique
1884 4314 2102 4382 bibliothecam

596 4401 686 4470 istius
701 4398 825 4483 generis
837 4395 909 4460 sunt
916 4440 927 4475 ,
949 4416 1195 4465 sertorianus
1213 4395 1326 4464 deliba·
1365 4400 1550 4485 scriptorum
1582 4400 1752 4489 theologiae
1791 4400 1921 4469 moralis
1956 4404 1996 4475 θ’
2030 4420 2101 4467 con·

596 4492 666 4566 uit,
689 4486 723 4552 dc
738 4488 772 4548 in
794 4483 859 4569 ipsa
872 4480 911 4547 de
931 4477 1046 4549 officiis
1066 4482 1212 4553 dodirina
1227 4483 1331 4549 multa
1365 4486 1566 4572 scientieriee
1577 4530 1589 4567 ,
1617 4488 1709 4575 supra
1723 4491 1816 4555 nobis
1845 4491 1909 4555 iam
1929 4485 2102 4571 laudatam,

596 4566 1090 4654 adcurate&exquisrtetradit;
1119 4569 1203 4638 vnde
1217 4571 1331 4637 melio·
1375 4572 1491 4639 adiecit
1519 4594 1629 4639 ronta.
1656 4594 1763 4643 rnru.
1789 4596 1995 4656 maritvs,
2019 4576 2103 4659 Gry·
2181 4601 2184 4607 ³

596 4662 750 4728 tisnotae
764 4657 853 4721 libris
880 4650 1112 4742 compendium
1135 4657 1236 4730 hocce
1263 4662 1334 4729 iure
1375 4655 1739 4751 phiswaldiae1705.8.
1783 4658 2003 4733 Breuillunum
2016 4662 2103 4745 equi-

713 4764 790 4819 atu.
811 4762 967 4814 rsaooos.
1462 4747 1563 4819 Eece
2015 4747 2102 4833 dent,
