5259 5967
552 728 621 799 370
835 708 976 780 ιιιιι
998 702 1344 781 ιοετιιιοιιε
1372 704 1547 773 capvt
1570 704 1783 775 ιιιιιιιι
1823 678 1851 815 ſs

548 808 571 837 ..¹
635 812 1277 841 m-——n—-nq
1290 811 1939 839 ⁸—·—-————-—-

554 876 639 941 opus
652 848 752 923 hocce
771 858 914 944 quinque
936 858 1157 924 voluminibus
1178 858 1215 923 in
1230 852 1287 920 iol.
1331 856 1939 946 ramqaerariones,quibusottcntar,ccgr

556 944 609 1009 vel
621 946 736 1029 viginti
749 944 785 1009 in
804 956 835 1019 8.
850 942 1029 1029 quorumsi
1050 946 1198 1011 ultimam
1220 941 1288 1009 for·
1330 942 1529 1029 quaesiere,
1550 943 1719 1029 infringere
1739 962 1833 1028 atque
1852 950 1939 1029 resae.

556 1029 789 1116 mamspeiies,
809 1050 949 1117 quatuor
969 1035 1079 1118 priora
1097 1035 1163 1100 iam
1180 1032 1287 1097 lucem
1326 1026 1451 1115 poffint3
1473 1028 1572 1094 eaohci
1584 1031 1690 1114 itaque
1701 1046 1850 1114 poterunt
1871 1033 1929 1097 loci

555 1113 776 1203 adspexerant,
791 1118 907 1204 quibus
920 1135 1029 1187 tomus
1036 1116 1178 1187 decimus
1193 1116 1288 1203 septi·
1325 1119 1390 1204 gisi
1413 1114 1546 1202 Philippi
1567 1115 1827 1199 Melancbtbonis,
1848 1120 1939 1205 einsqi

557 1225 643 1283 snus,
661 1204 719 1270 reli
743 1206 802 1286 uis,
825 1208 883 1291 qui
932 1204 1097 1275 raecedere
1116 1204 1286 1282 debebant,
1331 1205 1412 1289 logia
1424 1202 1620 1289 Augustanae
1633 1201 1823 1288 confeffionis,
1845 1206 1911 1289 ipsa
1934 1236 1939 1268 ι

558 1292 712 1379 tantisper
720 1227 876 1379 hposrtis,
907 1316 946 1360 eu
968 1299 1123 1361 traiiatsss
1137 1294 1287 1375 elesacra-
1330 1288 1523 1376 Argustana,
1543 1290 1619 1355 liber
1642 1293 1779 1372 interint,
1792 1292 1848 1372 stu
1867 1296 1939 1378 fera

557 1379 682 1459 mentis,
694 1400 747 1445 an.
766 1398 849 1461 1724
865 1374 998 1447 accessit.
1045 1377 1178 1447 Videtur
1198 1378 1288 1464 equi·
1331 1379 1464 1444 comitiis
1476 1375 1663 1464 Augustanis
1676 1398 1759 1442 anno
1773 1389 1846 1459 1548
1853 1396 1939 1463 proti

557 1460 644 1543 dent,
660 1462 941 1551 srinscriptionem
956 1464 1086 1551 spedies,
1108 1483 1287 1533 ootcnrtvs
1333 1462 1487 1532 Gerbardi
1500 1466 1557 1528 laci
1567 1462 1734 1550 theologici,
1758 1465 1895 1545 Caluini,
1921 1470 1939 1531 l

559 1553 646 1617 inter
661 1572 717 1619 eos
734 1546 928 1632 reserandus,
942 1556 998 1636 qui
1015 1554 1128 1619 theolo
1151 1556 1214 1619 iarn
1230 1574 1287 1638 pa·
1331 1550 1434 1637 befiia
1451 1552 1548 1632 Carsc,
1567 1552 1606 1621 (ἔ
1624 1552 1758 1615 Simonis
1777 1553 1924 1637 Epifiopii

559 1634 714 1703 tristicarn
729 1636 893 1715 ,uastante
923 1636 978 1703 sed
1009 1638 1097 1707 schol
1146 1643 1201 1706 'cis
1251 1660 1288 1703 o·
1331 1642 1440 1718 tiones,
1448 1640 1591 1702 noxiores
1603 1636 1684 1717 licet,
1706 1639 1745 1707 θ’
1757 1658 1818 1702 non
1833 1638 1893 1723 nist
1913 1660 1939 1704 ei

558 1724 638 1789 riori
653 1726 722 1789 iure
742 1745 816 1790 eum
835 1720 1133 1807 adnumerandum,
1161 1662 1288 1793 mecho·
1331 1729 1446 1791 tiorron
1471 1722 1675 1808 theologorum
1694 1725 1838 1789 manilius
1870 1746 1939 1789 cent.

559 1806 630 1889 dus,
644 1810 872 1895 problematice
887 1807 926 1877 de
942 1814 1034 1879 rebus
1047 1807 1234 1900 grauissimis
1253 1815 1289 1877 in
1332 1814 1409 1891 dae,·
1430 1814 1465 1877 in
1479 1808 1619 1877 methodo
1631 1808 1731 1896 studii
1743 1809 1871 1898 theolog.
1885 1832 1910 1878 c.
1930 1859 1939 1878 .

558 1914 729 1982 verantque
741 1914 863 1983 partem
871 1895 1021 1985 disputan
1046 1904 1052 1913 '
1081 1897 1288 1973 demonstran
1331 1920 1394 1986 177.

585 1981 652 2050 uod
671 1988 708 2050 in
728 2006 767 2051 eo
791 1984 874 2052 redde
889 1984 1042 2071 reprchen
1066 2003 1125 2053 unt
1142 1988 1288 2053 auctores
1418 1984 1457 2027 **
1479 1980 1551 2051 Post
1563 1982 1779 2064 romanenses,
1795 1984 1939 2053 reforma

559 2004 660 2137 diarii
678 2072 866 2135 traditorum
891 2072 1040 2155 (ioornal
1063 2075 1116 2139 des
1130 2074 1288 2159 fraisans)
1332 2068 1441 2139 clessae
1460 2064 1609 2137 dodotes
1629 2068 1682 2136 hic
1702 2075 1843 2139 maxime
1872 2076 1908 2140 in
1932 2102 1939 2139 ι

563 2176 647 2241 anno
660 2178 745 2243 ¹7²4·
760 2157 856 2240 mense
870 2158 992 2225 ottilo.
999 2178 1035 2246 p.
1047 2178 1113 2245 355.
1118 2164 1203 2246 seqq.
1224 2180 1290 2227 an·
1332 2159 1483 2233 veniunt;
1505 2154 1592 2243 apud
1613 2178 1693 2243 quos
1714 2156 1880 2246 theologia
1902 2159 1939 2229 dc

533 2298 535 2302 .
560 2264 676 2312 barne
698 2265 739 2311 ιι
759 2242 945 2311 'sovotrn
975 2248 1077 2329 cnrfirs
1095 2247 1289 2333 theologicus,
1334 2268 1370 2313 ca
1386 2246 1419 2310 δι
1433 2240 1628 2330 systematica
1637 2242 1747 2311 eadem
1762 2243 1835 2325 sere,
1843 2269 1881 2313 ac
1895 2270 1936 2333 ap

562 2326 749 2397 scholastica
763 2329 877 2399 itidem
890 2328 1050 2399 methodo
1066 2337 1288 2413 concinnatur,
1334 2332 1447 2401 habuit
1472 2328 1546 2395 sata.
1618 2330 1725 2396 Primo
1755 2335 1843 2397 enim
1870 2336 1939 2402 nihi

563 2439 603 2485 ac
613 2413 732 2485 Parisiis
747 2436 842 2500 1724,
854 2438 888 2501 4.
901 2415 1014 2500 editus,
1034 2418 1155 2487 ibidem
1182 2439 1290 2487 recen·
1334 2414 1424 2505 quod
1436 2414 1579 2482 scholam
1593 2416 1744 2502 sapiebat,
1761 2421 1794 2483 in
1810 2420 1939 2487 illorum

563 2500 661 2587 secur,
671 2523 707 2590 p.
719 2514 785 2589 418.
790 2506 876 2591 seqq.
919 2506 961 2571 In
973 2522 1062 2571 tanta
1082 2526 1191 2574 autern
1210 2503 1289 2657 dop·
1335 2500 1473 2575 hendere
1493 2503 1607 2567 licebat
1631 2509 1939 2575 commentationibt

563 2594 763 2675 maticortun
789 2590 993 2677 scriptorum,
1017 2593 1132 2679 quibus
1164 2592 1291 2659 ecclesa
1334 2597 1383 2659 ius
1397 2592 1540 2676 hnguam
1556 2589 1721 2655 barbaram
1736 2613 1809 2657 cum
1825 2597 1922 2660 nouis

564 2699 703 2744 romana
716 2674 870 2758 abundat,
898 2698 937 2743 co
962 2680 1004 2760 ia,
1024 2682 1144 2745 mirum
1163 2674 1218 2757 est,
1238 2700 1292 2745 ιο.
1336 2677 1453 2745 tatibus
1482 2674 1630 2761 deinceps
1667 2674 1866 2762 postliminio
1897 2685 1939 2747 int

562 2776 874 2833 Mantinontvrt
894 2700 1098 2849 initiationes
1109 2764 1294 2851 theologicas
1337 2784 1406 2831 non
1419 2761 1607 2829 dubitabant
1623 2764 1697 2842 alii,·
1720 2761 1823 2832 donec
1835 2788 1892 2853 per
1916 2788 1939 2834 ιΙ

565 2870 652 2918 atra.
675 2871 765 2917 treta
775 2870 888 2917 corn
900 2848 971 2930 suis,
992 2846 1105 2917 demtis
1119 2870 1229 2918 tamen
1243 2852 1293 2917 lo·
1337 2870 1453 2931 costra,
1468 2852 1597 2933 eiusque
1605 2853 1721 2936 pariter
1734 2874 1771 2917 ac
1784 2874 1863 2920 nnn.
1874 2876 1939 2923 car

565 2940 612 3005 cis
625 2934 831 3022 quibusdam,
854 2934 1100 3019 commendasse,
1121 2934 1160 3005 de
1180 2936 1293 3024 stadiis
1335 2937 1515 3015 sectatores,
1532 2936 1680 3019 pristinus
1694 2953 1867 3025 utcumque
1882 2945 1933 3009 cul

565 3023 744 3110 monasticis
754 3040 844 3109 part.
858 3026 901 3089 11.
913 3044 939 3088 s.
956 3026 1011 3089 Vt.
1022 3042 1057 3107 p.
1069 3034 1140 3099 ιη.
1180 3018 1292 3103 Addit,
1337 3024 1464 3107 ologiac
1480 3018 1598 3088 restitui
1612 3027 1730 3109 coepit.
1796 3027 1930 3094 Initium

564 3112 661 3179 itvo.
676 3128 867 3177 onorrvn
880 3109 962 3173 tanti
976 3106 1183 3176 secissehocce
1198 3130 1292 3195 opus,
1334 3105 1487 3176 scribendi
1509 3130 1623 3194 genere
1645 3110 1718 3176 iecit
1739 3134 1840 3178 nvtn.
1865 3136 1939 3182 zeon

565 3204 604 3261 it
620 3194 743 3279 semper
756 3190 836 3259 illud
849 3191 955 3258 secum
974 3212 1134 3278 portatett
1156 3214 1230 3261 curn
1246 3213 1293 3260 ta·
1337 3198 1426 3263 cuius
1441 3196 1564 3259 breuem
1581 3197 1620 3265 ὅ
1641 3196 1837 3282 christianam
1858 3205 1891 3267 in
1912 3224 1939 3265 es

564 3299 646 3346 men
666 3280 768 3345 maius
792 3276 840 3357 stt,
872 3299 971 3363 quant
988 3278 1078 3365 quod
1102 3280 1294 3347 circumferri
1337 3304 1404 3345 cam
1416 3282 1588 3349 eloilrinam
1601 3284 1747 3369 iſstgogm,
1762 3288 1902 3373 itemque
1915 3310 1939 3352 ce

566 3380 676 3453 queat,
710 3386 747 3430 ac
765 3380 926 3449 praeterea
946 3368 1089 3451 quinque
1103 3369 1197 3433 annis
1221 3367 1292 3453 post
1335 3370 1453 3434 tarium
1466 3370 1501 3434 ele
1514 3391 1587 3435 vera
1602 3372 1640 3439 (θ’
1650 3370 1739 3451 falso
1762 3372 1916 3459 religione,

567 3471 713 3521 onorat
726 3452 853 3517 obitum
861 3450 966 3517 lucem
974 3448 1165 3538 adspexerit3
1187 3454 1291 3520 obser·
1336 3478 1406 3521 non
1420 3463 1522 3522 aerinas
1537 3474 1675 3535 tanturn,
1689 3455 1740 3522 sed
1763 3459 1796 3524 dc
1808 3468 1939 3521 amoma

567 3558 666 3606 nante
680 3535 714 3604 id
725 3558 929 3619 ιιιιιιιιο
951 3560 973 3604 a
1000 3560 1236 3621 ιιιιιοιιοιι,
1257 3544 1292 3607 in
1335 3539 1484 3629 greditur,
1523 3542 1638 3608 &alia
1667 3543 1781 3628 scripta
1807 3542 1869 3610 huc
1891 3546 1939 3613 ref·

565 3625 696 3712 historic
709 3628 792 3692 ritae
803 3625 936 3690 Simonis
950 3626 1108 3711 Episcopii,
1118 3646 1153 3711 p.
1165 3647 1293 3711 pepti-
1338 3650 1424 3696 ιιιιι
1436 3648 1469 3691 ι.
1498 3649 1582 3693 nor
1593 3649 1812 3709 rinonnvs,
1834 3634 1868 3695 in
1890 3633 1939 3698 bil

566 3734 710 3781 novices
727 3732 857 3798 quoque
877 3731 1022 3777 nutius
1043 3732 1094 3777 ov
1115 3730 1194 3790 ιιιι,
1217 3734 1292 3798 pro·
1336 3715 1529 3801 quadripart.
1547 3713 1600 3779 lili.
1614 3718 1675 3778 111.
1695 3738 1717 3780 r.
1734 3721 1776 3781 ll.
1792 3736 1827 3801 p.
1841 3738 1918 3803 374.

567 3798 754 3869 testantium
776 3796 888 3882 scripta
912 3793 1101 3882 dogmatica,
1121 3816 1233 3885 vtpote
1255 3819 1293 3866 ex
1335 3803 1485 3886 sequutus
1500 3794 1543 3864 est
1557 3820 1680 3866 nunu.
1695 3824 1931 3873 nvuttnort

566 3888 683 3975 quibus
704 3887 843 3951 multum
857 3884 962 3948 bonae
977 3881 1072 3970 frugis
1088 3880 1292 3970 hauririque·
1335 3890 1384 3953 ius
1399 3888 1606 3967 compendium
1619 3886 1828 3974 theologicum,
1845 3895 1879 3959 δι
1899 3917 1939 3957 an

566 3990 611 4053 at,
631 3972 760 4039 laudare
781 3991 849 4036 non
879 3967 1013 4035 dubitat.
1056 3973 1141 4034 Licet
1161 3970 1292 4057 theologi
1330 3970 1507 4059 pontificiae
1519 3970 1620 4038 eidem
1636 3975 1760 4041 audiori
1776 3977 1939 4046 laudantur

564 4059 720 4139 catholici,
741 4059 859 4144 inquit,
872 4057 917 4121 ad
926 4055 1161 4142 protestantium
1178 4058 1292 4124 doilri-
1335 4061 1482 4126 omnium
1496 4080 1574 4123 mox
1590 4061 1770 4128 obscurauit
1786 4062 1906 4132 famam
1922 4088 1935 4133 1

565 4164 642 4219 nam
663 4145 878 4229 componerese
902 4142 991 4207 hanel
1010 4143 1150 4225 deleant,
1170 4144 1292 4231 expedit
1333 4165 1452 4227 vtrtvs,
1474 4147 1510 4210 in
1534 4144 1720 4231 institutione
1741 4147 1924 4236 chrisianae

565 4244 683 4310 tamen,
695 4246 735 4293 ut
748 4232 802 4311 qui
815 4231 1044 4297 exercitatiores
1056 4230 1185 4295 euadere
1206 4232 1293 4316 cupi-j
1334 4234 1395 4314 nis,
1411 4254 1510 4318 quam
1525 4236 1630 4318 operis
1646 4236 1741 4322 longe
1755 4242 1887 4307 maximi
1898 4262 1939 4307 ru·

565 4328 636 4391 unt,
646 4315 818 4399 praecipua
828 4335 933 4383 eornm
943 4314 1290 4403 operatheologicaeon·
1332 4335 1667 4387 tumvocatrnrou.
1680 4332 1856 4410 numqui
1873 4329 1908 4395 dc
1923 4351 1939 4393 c

557 4400 680 4482 ferant,
696 4398 753 4463 vbi
767 4402 800 4463 in
826 4402 1017 4487 dogmatibus
1034 4388 1187 4486 nobiscum
1210 4424 1288 4467 tom·
1332 4427 1408 4473 nem
1423 4410 1488 4473 eius
1502 4404 1642 4476 edendae
1655 4406 1742 4475 hunc
1756 4415 1791 4476 in
1803 4413 1939 4482 modurn

564 4482 710 4547 munibat
723 4485 885 4570 otiliastbi
905 4490 1071 4570 inuenient,
1089 4510 1169 4574 qnae
1185 4506 1290 4554 aretem
1333 4493 1420 4558 Cum
1435 4494 1588 4560 francisci
1603 4497 1618 4559 1
1635 4496 1759 4564 Galliae
1781 4503 1859 4588 regis
1892 4524 1938 4569 cn

557 4568 658 4654 fianae
669 4568 827 4669 doiirinae
839 4578 1084 4657 concremantur,
1107 4579 1174 4661 ostes
1187 4574 1288 4662 postu·
1332 4596 1399 4645 tem
1425 4602 1499 4667 erga
1519 4581 1709 4650 reformatos
1729 4606 1819 4672 aegre
1842 4590 1939 4655 ferren

483 4712 488 4721 .
564 4655 625 4753 iat,
644 4670 683 4727 ot
698 4672 856 4742 opiniones
871 4658 983 4731 homin
1000 4662 1220 4753 tbccbgornm,
1240 4683 1290 4733 eo·
1332 4669 1460 4742 maniae
1478 4670 1648 4761 principes,
1667 4672 1724 4758 qui
1743 4678 1911 4765 euangelio
1936 4734 1939 4744 .
