5259 5967
547 708 626 785 „a
829 677 968 749 tium
992 663 1334 741 rosrrnioius
1364 662 1537 735 cnrvr
1560 661 1779 733 minum

547 812 567 823 .-
581 776 1272 817 ..p-m
1289 773 2073 795 m

434 910 439 919 ,
554 841 631 925 riusa
649 834 707 902 boc
721 844 887 917 praetextu
906 818 1078 907 cerriffrmas
1103 815 1285 901 distiplrnar,
1331 815 1521 897 cedendum,
1559 838 1599 881 ne
1640 818 1728 881 viam
1763 813 1870 879 salutis
1906 815 2072 893 latiorem,

556 918 793 1023 pbrlosopbiaem,
833 916 985 999 ipsamque
1012 906 1210 995 theologiam,
1248 902 1287 971 (θ’
1332 926 1431 992 quam
1448 900 1572 991 parell,
1601 900 1773 976 faciamus,
1798 903 1832 969 dt
1854 922 1926 967 non
1956 900 2071 967 tunda-

633 1012 699 1078 eria
714 1008 747 1072 r'rr
762 1004 852 1069 rerba
869 1002 930 1066 Dei
944 997 1094 1075 reuelata,
1115 997 1149 1059 in
1162 992 1287 1077 suspici·
1333 994 1486 1061 mentalia
1511 990 1707 1069 censeamus,
1728 1009 1810 1075 quae
1827 992 1971 1055 omnino
1997 988 2070 1055 sunt

561 1122 651 1175 artem
660 1092 813 1183 salsitatis
834 1088 983 1153 adducere
993 1086 1182 1171 sategerunt,
1196 1098 1289 1164 prae·
1333 1078 1597 1149 fundamentalia.
1641 1078 1691 1144 De
1702 1075 2070 1163 merbrrlodeniquepra·

562 1178 815 1263 rendendum
835 1172 974 1262 mffieria
992 1194 1055 1237 nm
1074 1170 1157 1256 poffir,
1171 1164 1290 1233 marhe-
1336 1170 1426 1249 blica,
1466 1184 1502 1233 vt
1522 1168 1575 1232 vel
1597 1166 1657 1230 tria
1680 1162 1835 1232 addamus
1858 1166 1976 1238 verba,
2001 1182 2072 1229 tota

563 1277 677 1349 metire
695 1270 802 1335 demon
826 1257 1161 1343 rari,necd1sciplin.rs
1177 1254 1227 1342 effi’
1239 1254 1292 1335 fia·
1337 1254 1501 1342 theologia
1516 1251 1710 1405 doqmatica,
1727 1256 1844 1317 intuitu
1860 1248 1934 1318 finis
1948 1250 2071 1337 spedta·

565 1369 609 1436 ris
622 1378 732 1437 cerrar,
752 1356 786 1419 ni
797 1377 806 1417 r
813 1348 985 1438 syntherr'ca
1004 1344 1144 1409 methodo
1162 1340 1294 1405 tradan-
1338 1363 1384 1423 ta,
1392 1342 1530 1429 praelica
1542 1346 1570 1408 el
1587 1338 1657 1419 ,seu
1666 1338 1706 1406 ad
1715 1334 1831 1407 fidei&
1851 1341 1938 1407 vitae
1958 1342 2073 1425 praxin

566 1474 632 1523 rur.
674 1438 903 1513 Hisce&alia
924 1433 1190 1521 quamplurima,
1211 1426 1295 1493 ledlu
1340 1445 1536 1516 comparata.
1580 1428 1626 1493 At
1639 1428 1828 1514 plerumque
1852 1429 1887 1492 in
1915 1446 2072 1513 compen-

568 1540 603 1611 di
626 1530 761 1610 niffima,
774 1542 779 1551 “
793 1526 929 1599 subiicit,
955 1524 990 1586 in
1011 1518 1152 1583 mmm
1177 1513 1297 1581 eth-''b“
1341 1516 1401 1587 diis
1417 1539 1452 1583 ac
1470 1513 1686 1603 systematibus
1702 1516 1749 1581 ita
1765 1513 1892 1580 tradlari
1911 1512 2003 1589 solet,
2023 1526 2071 1594 vt,

571 1621 736 1707 Geulingii,
751 1614 859 1701 Μαι.
879 1614 904 1673 Ι.
923 1616 954 1691 §.
969 1610 1007 1673 X.
1014 1606 1098 1691 fiqq.
1117 1623 1151 1688 p.
1168 1624 1200 1687 9.
1213 1603 1297 1685 ssqq·
1342 1608 1398 1693 qui
1412 1626 1449 1670 ea
1472 1600 1696 1683 condiderunt,
1717 1599 1756 1667 de
1775 1598 2073 1668 controuersiarum

571 1706 770 1793 Cumprimis
789 1720 867 1763 vero
890 1708 922 1776 s.
938 1697 1006 1759 XV·
1023 1711 1059 1778 p·
1086 1713 1125 1776 15·
1148 1688 1299 1765 ostendit,
1344 1695 1452 1780 potius
1463 1693 1623 1756 variunun
1640 1686 1809 1769 decisione,
1830 1710 1931 1773 quam
1946 1690 2074 1755 vitare-

572 1794 660 1887 apud
681 1812 747 1870 eos,
774 1787 829 1872 qui
852 1778 1015 1870 physicum
1031 1798 1087 1846 aut
1108 1771 1299 1863 mctaphysr·
1347 1781 1396 1848 dle
1417 1774 1621 1853 instituenda,
1636 1777 1764 1843 solliciti
1777 1776 1866 1843 fuisse
1884 1774 2076 1851 videanture

574 1905 648 1955 cam
689 1868 846 1943 methodu
886 1867 1114 1935 mathematica
1153 1864 1302 1959 tractant,
1347 1888 1422 1935 cum
1438 1882 1546 1930 tamen
1569 1883 1740 1949 utrumque
1765 1860 1832 1930 fieri
1852 1865 1886 1931 ἃ
1908 1858 2017 1950 possit,
2041 1864 2076 1931 dr

574 1976 661 2059 longe
678 1964 828 2029 maiorem
853 1958 1076 2042 obscuritatem,
1112 1950 1303 2017 incertitudr·
1347 1953 1470 2022 debeat.
1493 1952 1629 2017 Huncce
1644 1954 1752 2037 itaque
1761 1973 1903 2018 naeuum
1916 1970 1953 2018 vt
1967 1970 2077 2019 emen·

572 2043 1125 2142 „mannencontraditionem,
1138 2041 1305 2121 &semm-
1349 2040 1463 2111 darent
1490 2040 1558 2119 alii,
1589 2060 1661 2103 eam
1683 2040 1844 2125 elegerunt
1870 2036 2077 2118 methodum,

574 2148 693 2217 riarum
707 2134 922 2221 diurrfiratrm,
936 2152 1030 2217 quam
1050 2132 1083 2193 in
1102 2124 1307 2214 praestantio-
1349 2151 1431 2216 quae
1446 2130 1537 2193 unice
1549 2122 1588 2191 ad
1603 2121 1676 2192 fidei
1691 2128 1962 2212 vitaequepraxin
1975 2126 2078 2195 ledlo·

575 2228 796 2304 muliorum
814 2218 1003 2308 pbyficorum
1022 2217 1077 2285 uel
1092 2210 1307 2303 mraphystco·
1349 2238 1397 2285 res
1410 2212 1603 2302 perduceret.
1650 2212 1686 2279 ld
1698 2232 1783 2281 certe
1806 2216 1900 2279 beato
1917 2235 1969 2282 to.
1986 2232 2079 2279 aar·

577 2312 793 2403 rumscriptr‘r,
805 2304 998 2394 deprehendi.
1351 2328 1375 2372 u
1386 2325 1436 2371 aa
1447 2325 1498 2369 oo
1513 2299 1621 2367 nostro
1634 2297 1844 2367 constitutum
1860 2300 1933 2382 fuit,
1949 2304 1985 2367 in
1991 2299 2081 2384 sebr-

667 2398 798 2477 Nescio,
833 2416 876 2462 au
908 2386 1080 2471 methodis,
1120 2387 1183 2457 huc
1209 2404 1308 2471 usque
1349 2394 1384 2461 la
1393 2392 1531 2477 pietatis,
1566 2390 1719 2454 omnibus
1740 2386 1810 2454 satis
1832 2404 1930 2465 nota,
1952 2391 1989 2453 in
2041 2404 2084 2453 ua

580 2484 858 2571 commemoratis,
871 2484 968 2553 etiam
985 2478 1231 2565 compararim
1252 2470 1308 2539 ad·
1352 2484 1512 2564 integrum
1527 2473 1774 2563 velutsyllema,
1790 2472 1948 2543 methodo
1985 2496 2020 2541 ra
2057 2475 2082 2520 '-

581 2574 814 2653 deredebeam!
835 2570 1028 2637 Certeinc.
1044 2579 1308 2631 oauuuuuvu
1352 2589 1390 2634 ca
1410 2566 1652 2641 concinnatim,
1673 2560 1813 2645 exhibet,
1833 2560 1915 2631 dum
1929 2496 2083 2641 offendit,

586 2665 687 2737 ebrato
708 2664 773 2727 iam
789 2656 964 2747 pacificam,
975 2652 1042 2739 fiae
1061 2650 1310 2739 temperatim
1351 2674 1420 2741 quo
1458 2649 1531 2715 adro
1545 2649 1661 2717 cunata
1681 2649 1786 2717 sacrae
1805 2647 1973 2718 dodlrinae
1995 2650 2084 2735 capi·

580 2756 666 2839 scrip
712 2743 893 2830 e,cdnstat,
918 2734 1308 2810 cumPET·¹’01m1b¹'·
1353 2758 1419 2808 taa
1463 2741 1562 2803 vitam
1584 2740 1647 2825 pie,
1672 2738 1819 2823 redieque
1840 2734 2083 2817 instituendam

584 2836 738 2912 bliorbeca
756 2826 1062 2920 rrrysticorrrrnsesedlr
1076 2824 1226 2895 recusum.
1259 2821 1310 2887 Eo
1353 2822 1516 2895 reserenda
1531 2824 1601 2891 sint.
1647 2822 1735 2890 ldem
1749 2827 1781 2890 dt
1795 2826 1904 2891 beatus
1917 2846 1965 2892 io.
1980 2844 2084 2890 arur.

585 2929 744 2999 nimirum
762 2920 866 2991 hocce
884 2919 954 2988 eius
974 2910 1157 2981 inslitutum
1175 2928 1311 2995 compa·
1354 2934 1482 2983 unius
1495 2916 1568 2998 egit,
1583 2909 1662 2979 dum
1671 2914 1790 2996 praxin
1801 2914 1929 2996 pietatis
1943 2912 2087 2999 incogni.

585 3034 694 3087 ratum
705 3008 763 3089 est,
774 3024 823 3087 vt,
840 3000 1149 3096 quodnamquilibet
1161 2995 1311 3067 articulus
1354 3005 1438 3068 tione
1450 2997 1818 3084 rerr'tari5‚fiuesynapfin
1839 2998 2088 3085 theologiam·

585 3102 661 3175 fidei
677 3093 804 3189 pondus
820 3114 858 3161 ac
878 3105 1084 3158 momentum
1104 3084 1231 3163 habeat,
1259 3102 1311 3147 ex·
1354 3088 1444 3165 ralis,
1462 3104 1521 3171 prr
1539 3106 1644 3149 ornnes
1664 3087 1811 3150 articulos
1830 3085 2025 3171 theologicos,
2045 3084 2090 3150 ad

587 3186 720 3279 pendat,
735 3178 873 3265 indeque
887 3165 1311 3257 concludiltoquaenamdo·
1356 3194 1496 3241 normam
1518 3174 1689 3255 scripturae
1700 3174 1822 3255 sacrae,
1836 3175 1875 3243 (ἔ
1902 3173 2031 3239 dublum
2050 3172 2087 3237 b'.

588 3278 711 3345 urinae
724 3268 824 3333 sacrae
837 3265 941 3347 capita
953 3279 1030 3345 prae
1045 3260 1113 3323 aliis
1125 3255 1165 3323 ad
1179 3257 1312 3322 salutem
1355 3266 1482 3329 brorum
1484 3259 1718 3347 symbolicarum
1724 3260 1982 3333 adornatammn.
1994 3263 2088 3340 1697,

588 3357 713 3431 creditu
727 3350 788 3420 sint
801 3348 981 3447 necessaria,
1027 3340 1118 3443 ldem
1133 3346 1231 3442 etiam
1246 3362 1313 3408 siu.
1357 3370 1389 3432 4.
1405 3345 1514 3415 edidit.
1565 3348 1636 3412 Nec
1656 3346 1814 3412 abludunt
1836 3344 1913 3410 hinc
1937 3367 2087 3413 toncu.

591 3457 842 3519 crisconivut
859 3432 1145 3521 inmjhrurrombus
1165 3429 1226 3495 suis
1247 3428 1313 3493 rbe-
1357 3457 1467 3503 iveri
1495 3454 1784 3503 unumunurm
1803 3433 2011 3519 institutiones
2024 3432 2089 3499 rbe-

590 3532 714 3619 ologicis
729 3522 843 3604 secisse,
859 3522 951 3608 supra
966 3517 1222 3591 obseruauimussl
1245 3514 1314 3602 Pla·
1358 3524 1492 3610 ologicae
1511 3519 1728 3586 credendorum
1748 3522 1787 3591 ὅ
1808 3521 1998 3605 agendorum
2010 3525 2091 3605 sun.

592 3639 705 3705 cetque
717 3612 795 3681 hacc
814 3605 986 3681 methodus
1006 3606 1078 3688 illis,
1099 3607 1157 3705 qui
1177 3600 1316 3669 dissenti-
1358 3609 1561 3688 damenraies,
1574 3626 1656 3690 quae
1672 3604 1898 3691 institutionum
1920 3610 1988 3673 eius
2007 3606 2093 3673 rher-

593 3727 683 3779 entes
699 3705 782 3770 circa
797 3699 984 3785 religionem
1000 3690 1318 3769 interlcconciliare,
1361 3698 1539 3783 logicarum,
1576 3694 1663 3758 libris
1687 3690 1819 3759 duobus
1845 3692 2095 3779 comprehensa·

594 3787 810 3865 autecclel'rae
825 3803 977 3869 eousque
998 3776 1131 3845 dilatare
1149 3779 1320 3864 pomoeria
1362 3804 1446 3856 rum,
1464 3802 1542 3867 quas
1559 3778 1653 3866 supra
1679 3785 2024 3862 commemorauimus,
2044 3780 2092 3869 sy·

591 3887 749 3971 satagunt,
763 3890 798 3941 vt
813 3876 880 3940 eius
896 3870 1019 3939 ambitu
1040 3860 1271 3951 comprehendi
1283 3882 1320 3926 o·
1363 3866 1478 3955 nopsm
1499 3864 1672 3955 quamdam
1693 3866 1853 3934 exhibent.
1921 3869 1961 3934 ln
1973 3870 2095 3938 cunctis

593 3991 686 4040 mnes
701 3978 831 4055 queant,
845 3961 902 4048 qui
927 3959 962 4023 in
984 3956 1093 4041 paucis
1115 3948 1320 4052 quibusdam,
1363 3961 1451 4026 enim
1462 3955 1564 4021 sacrae
1579 3953 1745 4022 dodlriuae
1759 3957 1916 4042 capitibus
1930 3958 1982 4022 vir
2000 3977 2095 4027 vene·

595 4083 633 4127 ac
650 4058 788 4124 maxime
804 4043 1030 4116 uniuersalibus
1057 4040 1215 4129 capitibus
1240 4059 1320 4104 con·
1364 4045 1474 4115 rabilis
1488 4043 1642 4109 notitiam
1655 4044 1935 4129 experimentum,
1949 4041 2096 4113 summo,

593 4149 748 4215 sentiunt.
763 4139 842 4224 Qto
853 4133 924 4223 ipso
936 4123 1324 4227 finulvianadnuaoru
1366 4144 1571 4219 perenger,
1616 4131 1754 4215 quae&
1796 4135 1915 4199 enuina
1936 4134 2022 4199 ratio
2039 4129 2098 4214 est,

593 4234 648 4301 rrl'
673 4235 788 4298 ionum
808 4245 864 4292 eos
882 4216 1031 4307 pandere,
1046 4208 1249 4283 mmfestssm
1269 4208 1324 4279 est·
1366 4217 1484 4286 cuneta
1512 4213 1553 4283 ad
1582 4219 1668 4285 vitae
1694 4151 1881 4286 chrilhanae
1902 4218 1996 4284 vsum
2013 4220 2100 4289 reae

594 4320 643 4387 Re
679 4310 841 4402 equidem
867 4326 980 4394 agunt,
995 4308 1050 4390 qui
1069 4300 1224 4388 dogmata
1239 4298 1324 4365 sacra
1366 4301 1587 4373 transferendi.
1654 4306 1762 4389 Quem
1789 4309 1857 4374 eius
1877 4307 2015 4391 scopum
2041 4309 2100 4395 qui

596 4402 724 4475 intense
747 4412 948 4481 comparant,
984 4409 1020 4459 vt
1034 4408 1194 4479 quaenam
1209 4382 1325 4485 funda·
1369 4388 1628 4474 considerauerit,
1640 4396 1724 4459 vitio
1737 4395 1766 4461 ei
1788 4415 1858 4460 non
1873 4409 1989 4475 vertet,
2009 4392 2103 4483 quod

599 4488 794 4563 maulia,
845 4500 902 4548 aut
954 4500 1027 4547 non
1075 4472 1328 4545 fundamentalia
1371 4483 1479 4568 primo
1497 4479 1573 4549 loco
1591 4478 1634 4566 de·
1644 4483 1783 4571 imagine
1798 4483 1860 4552 Dei
1879 4483 1989 4569 egerit,

598 4573 674 4655 sint,
709 4569 891 4661 dispiciant.
946 4562 1020 4649 Sed,
1053 4580 1146 4635 caute
1186 4559 1239 4631 hic
1274 4562 1329 4628 ia·

1473 4798 1490 4840 x
1940 4742 2110 4827 §XVIIL
