5259 5967
992 403 1004 451 s

536 710 602 775 ηε
865 653 1711 788 trnurnronrscnrvrovnnrvn

536 848 644 929 daret,
657 850 712 928 dc,
725 870 806 933 quae
825 846 935 913 desunt
956 847 1128 932 suppleret.
1176 842 1272 929 idque
1314 842 1407 911 simul
1417 846 1501 911 ledlu
1515 844 1749 931 obseruatuque
1763 840 1944 932 dignissima
1962 866 2001 913 ex
2013 848 2054 913 iis

538 934 671 1003 tandem
683 939 733 1000 vir
745 929 992 1013 cruditissimus,
1008 957 1054 1000 to.
1070 954 1272 999 cnarsrorn.
1313 930 1507 1012 adserantur,
1517 954 1597 1017 quae
1605 933 1708 1018 legill'e
1716 931 1798 997 forte
1807 934 1989 1019 poenitebit
1997 954 2054 1000 ne-

537 1044 697 1103 votrtvs,
714 1025 759 1087 ita
772 1022 941 1107 praestitit,
956 1038 992 1084 vt
1006 1043 1076 1085 non
1090 1040 1218 1086 tantum
1234 1041 1272 1083 ο-
1315 1024 1450 1085 minem.
1459 1023 1580 1105 Siquis,
1589 1017 1735 1105 denique,
1743 1019 1926 1099 scireaneat‚
1936 1022 2055 1107 quibus

538 1114 667 1176 mnium
687 1112 772 1175 votis
791 1108 996 1187 satislirceret,
1018 1104 1067 1173 sed
1082 1129 1118 1173 ea
1134 1108 1273 1173 multum
1315 1110 1352 1174 in
1361 1105 1464 1173 studio
1478 1108 1643 1172 rabbinico
1659 1110 1705 1171 vti
1721 1104 1832 1172 debeat
1839 1106 1995 1187 subsidiis,
2006 1130 2056 1175 ro.

539 1196 707 1282 superaret.
772 1196 994 1263 Bibliothecam
1013 1216 1152 1280 namque
1173 1191 1272 1261 edidit
1315 1216 1572 1261 cnrrsrorn.
1609 1215 1817 1260 νοω-’ΝΜ
1855 1192 1949 1262 adeat
1976 1196 2055 1263 bibl.

540 1286 695 1365 thracam,
709 1285 800 1349 cuius
809 1286 996 1369 parsprior,
1009 1283 1184 1360 notitiam,
1206 1297 1274 1343 tum
1315 1285 1379 1348 ebr.
1382 1299 1469 1367 part.
1477 1286 1518 1346 ΙΙ.
1528 1281 1580 1345 lib.
1589 1284 1646 1346 111.
1659 1302 1685 1347 c.
1697 1286 1755 1346 111.
1762 1292 1795 1361 §.
1803 1286 1858 1348 IX.
1861 1302 1895 1368 p.
1897 1302 1963 1365 519.

542 1376 703 1438 nullorum
715 1369 939 1449 hebraicorum,
959 1372 1169 1454 cuiuscumque
1186 1382 1274 1432 aeta·

540 1460 600 1539 tis,
614 1476 681 1521 tram
694 1458 899 1542 scriptorum,
915 1477 995 1541 qnae
1013 1456 1061 1520 orl
1079 1458 1198 1520 ebraice
1206 1454 1274 1537 pri·
1403 1454 1459 1490 ***
1471 1451 1681 1535 Chaldaicae,
1702 1454 1903 1543 syriacaeque
1921 1458 2053 1545 linguae

539 1568 625 1610 marm
648 1562 798 1625 exarata,
813 1544 868 1609 vel
883 1545 927 1608 alr
948 1544 1021 1607 aliis
1040 1544 1182 1623 conuersa
1187 1546 1273 1623 sant,
1315 1543 1447 1621 notitia,
1457 1541 1638 1627 theologiae
1646 1542 1751 1606 cultor
1759 1565 1865 1610 carere
1887 1568 1959 1611 non
1979 1566 2053 1633 pot-

540 1634 586 1698 ad
605 1631 741 1717 nostram
760 1647 894 1695 aetatem
916 1627 1274 1709 dadastanaexhibenst
1318 1628 1370 1698 est.
1439 1630 1658 1712 Praeterquam
1672 1632 1777 1708 euim,
1790 1631 2054 1717 quodnonnulla

543 1743 595 1786 an.
615 1714 1057 1804 1715Hamburgi‚prodiit;
1072 1736 1151 1801 pars
1165 1733 1276 1780 autem
1315 1718 1434 1785 veteris
1465 1712 1641 1780 testamenti
1665 1714 1831 1784 chaldaico
1858 1718 2018 1789 idiomate
2032 1744 2053 1787 a

537 1806 697 1893 posterior,
712 1826 792 1890 quae
801 1822 927 1889 praetor
938 1802 1098 1889 historiam
1103 1804 1276 1887 scripturae
1319 1803 1521 1888 scriptoribus
1534 1802 1626 1868 sacris
1650 1802 1827 1891 conscripta
1846 1807 1936 1883 sunta
1960 1830 2054 1894 para-

533 1895 766 1979 ficrarvetrris
787 1894 993 1983 instrumenti,
1006 1892 1198 1973 radicumque
1210 1890 1277 1951 eius
1320 1888 1443 1980 phrases
1454 1910 1585 1975 quoque
1599 1886 1778 1957 chaldaicae
1793 1914 1941 1981 magnam
1955 1898 2052 1961 nobis

541 1998 610 2046 tum
623 1981 791 2059 editomm,
806 1996 873 2043 rtem
884 1980 1178 2061 manuscriptorum,
1196 1975 1274 2039 noti·
1321 1983 1355 2048 &
1368 1975 1408 2044 ad
1425 1980 1494 2041 loca
1508 1972 1665 2062 quaedam
1687 2000 1727 2043 eo
1741 1980 1854 2046 reslius
1870 1984 2052 2067 intelligen.

544 2071 623 2133 tiam
636 2068 736 2131 tradit
747 2068 895 2149 majorae,
911 2085 1083 2147 corumque,
1097 2085 1176 2149 quae
1187 2062 1276 2126 adle-
1321 2065 1372 2145 da,
1388 2067 1421 2131 &
1435 2063 1475 2129 ad
1491 2061 1733 2130 conuinccndos
1745 2066 1883 2147 ludaeos,
1896 2068 2052 2135 adserunt

543 2160 615 2221 xica
629 2157 902 2241 &grammaticas
916 2154 1098 2237 periment,
1128 2148 1277 2215 ratmadis
1318 2155 1502 2229 utilitatem,
1520 2168 1554 2216 vt
1567 2151 1624 2215 suo
1641 2154 1716 2217 loco
1725 2152 1915 2231 ostenderura
1922 2178 1962 2221 nc
1969 2154 2054 2243 quid

543 2247 617 2308 item
627 2245 806 2324 utriusque,
820 2256 888 2303 tum
907 2261 977 2304 vero
999 2237 1217 2304 bibliothecam
1227 2238 1276 2299 iu·
1319 2239 1359 2307 de
1394 2238 1514 2323 scriptis
1551 2236 1913 2308 talmudico-rabbinicis
1932 2241 2054 2323 dicam,

543 2332 691 2409 daicam,
715 2330 758 2399 θ’
775 2327 1018 2391 anti-iudaicam
1034 2328 1147 2409 aperit,
1162 2345 1200 2388 ac
1210 2318 1276 2407 post
1318 2348 1401 2415 quae
1416 2324 1482 2392 stne
1496 2326 1605 2410 lingua
1617 2322 1715 2392 hacce
1729 2331 1864 2417 intelligi
1878 2348 2053 2418 nequeunt.

545 2433 710 2483 enarratas
722 2413 928 2499 paraphrases
948 2411 1123 2478 chaldaicas
1142 2414 1183 2481 θ’
1201 2410 1276 2473 kao-
1319 2416 1464 2503 Syriacae
1479 2413 1606 2499 linguae
1619 2412 1689 2478 usus
1706 2413 1834 2504 infignis
1844 2418 1895 2484 vel
1909 2422 1944 2485 in
1954 2420 2053 2486 colla-

545 2504 667 2583 baiam,
675 2504 794 2585 scripta
809 2502 992 2566 sardaeorum
1001 2518 1156 2584 anonyma
1175 2516 1276 2565 recea-
1318 2506 1409 2568 tione
1423 2496 1574 2565 versionis
1588 2498 1728 2585 syriacae
1744 2508 1855 2571 veteris
1870 2508 1997 2574 &noui
2007 2526 2052 2573 te·

534 2595 596 2677 set,
612 2588 724 2657 itidem
732 2588 923 2675 Hamburgi,
939 2608 995 2654 an.
1016 2580 1275 2667 ryarlucemad-
1318 2588 1482 2666 stantemi,
1498 2590 1635 2652 maxime
1649 2608 1755 2655 autem
1770 2596 1860 2673 noui,
1875 2592 2053 2685 deprehen·

544 2680 643 2744 sexit
653 2677 827 2764 publicam.
890 2677 979 2740 Etin
1017 2671 1274 2755 raesationequi·
1320 2676 1416 2754 ditur,
1433 2676 1523 2740 cuius
1546 2675 1822 2763 obantiquitatem
1843 2682 2050 2769 magnasem-

544 2700 730 2849 (semmai
740 2763 975 2847 Priv'sl’faeml
1025 2804 1038 2840 r
1059 2760 1173 2826 ²⁸30?
1185 2754 1225 2823 de
1237 2759 1276 2821 ὓς
1319 2784 1376 2851 per
1389 2761 1449 2827 fuit
1467 2760 1657 2841 audioritas,
1676 2769 1825 2849 quamuis
1845 2770 1883 2836 ἀ
1896 2767 1938 2836 ad
1952 2770 2052 2857 expli-

545 2874 616 2919 non
629 2844 1276 2935 tantum,quiine0demargumentoan-
1315 2854 1480 2917 cntionem
1494 2870 1613 2915 vocum
1626 2858 1707 2918 noui
1721 2852 1913 2936 testamenti,
1928 2858 1966 2925 &
2037 2896 2052 2913 .

544 2942 601 3007 tei
625 2936 695 3003 sum
714 2936 828 3003 versati
845 2934 934 3015 sunt,
953 2934 1055 3000 multa
1075 2932 1157 3000 rectu
1179 2929 1276 3017 digna
1317 2934 1469 3003 rumdam
1495 2937 1678 3003 ebraearum
1705 2944 1881 3026 genuinam
1897 2878 2051 3029 ligurien-

545 3027 590 3093 ob
604 3039 703 3102 eruat,
720 3021 772 3089 sed
790 3044 903 3090 omnes
917 3024 1031 3100 etiam,
1052 3024 1108 3107 qui
1122 3039 1276 3106 quacum·
1316 3028 1445 3090 tionem
1460 3021 1633 3088 eruendam
1647 3024 1768 3113 aliquid
1780 3030 1936 3097 aestiferae,
1980 3034 2050 3097 Nec

544 3134 607 3201 que
620 3115 744 3178 tatione
765 3107 806 3176 ad
825 3112 976 3175 notitiam
994 3107 1187 3195 scriptorum
1204 3106 1275 3170 rab-
1319 3110 1401 3178 adeo
1411 3131 1534 3196 magno
1549 3108 1602 3177 hic
1614 3130 1698 3196 opus
1711 3113 1754 3180 est
1763 3116 1879 3182 labore,
1924 3120 2050 3205 Qun.

544 3204 727 3269 binicorum
744 3194 866 3283 aliquid
879 3193 1029 3261 conserte
1049 3210 1189 3280 queunt,
1203 3188 1276 3289 ‘¹³¹¹ss
1319 3195 1496 3265 admodum
1509 3200 1596 3262 enim
1607 3196 1725 3285 syriaca
1737 3198 1966 3291 chaldaicique
1981 3226 2048 3273 non

545 3306 655 3377 genter
666 3281 803 3359 indicata
816 3284 1004 3368 cumprimis
1016 3283 1276 3363 veto&eos,qut
1318 3286 1484 3351 multuma
1497 3284 1529 3348 se
1543 3286 1699 3366 inuicem,
1724 3292 1768 3353 ita
1783 3291 1819 3357 ἀ
1831 3310 1970 3381 utraque
1983 3314 2047 3359 non

546 3394 585 3443 ex
598 3369 721 3438 ludaeis
735 3366 941 3437 bibliothecas
951 3369 1129 3437 rabbinicas
1142 3370 1273 3434 concin-
1320 3374 1460 3438 multum
1475 3374 1515 3436 ab
1529 3373 1766 3461 ebraicalingua
1781 3374 1894 3445 differt.
1941 3384 2049 3448 Maior

546 3481 624 3527 nare
635 3452 765 3545 adgressi
777 3456 862 3537 sunt,
877 3455 1023 3523 recenset.
1064 3456 1137 3521 Hos
1151 3459 1274 3549 intete-
1315 3456 1466 3545 equidem
1504 3458 1781 3545 linguaearabicae
1798 3464 1843 3532 est
1872 3464 2047 3549 difficultas,

545 3552 653 3613 minet
663 3564 914 3611 mactatum
938 3545 1164 3613 btbtoserrt
1179 3544 1215 3607 in
1226 3540 1274 3605 bt·
1320 3569 1388 3613 non
1403 3549 1510 3610 minor
1527 3563 1634 3611 tamen
1649 3552 1716 3611 eius
1730 3553 1865 3633 utilitas,
1882 3578 1981 3643 qnam
1995 3580 2047 3625 tn.

545 3632 696 3702 biiotbeca
730 3632 916 3711 rabbinum,
946 3651 1045 3715 quam
1073 3630 1273 3715 inscriptam:
1316 3654 1558 3699 rococrtrvs
1580 3631 1786 3717 demonstrat,
1799 3643 2048 3729 innotirmfrel-

544 3742 639 3790 nrm·
652 3741 730 3786 metr
743 3720 830 3784 labia
850 3719 1069 3783 dormientium
1077 3763 1088 3798 ,
1117 3739 1170 3783 an.
1190 3720 1275 3796 1670
1319 3723 1414 3786 laneis
1420 3718 1739 3806 philologico-bilrscir
1759 3727 1928 3811 inponam
1947 3730 2046 3818 Mofir,

545 3805 777 3879 Amllelodami
790 3802 906 3883 edidit,
927 3802 966 3869 de
982 3826 1046 3888 qua
1065 3798 1227 3888 copiosius
1240 3819 1275 3886 p.
1313 3828 1349 3894 p.
1364 3828 1398 3871 n.
1422 3827 1462 3870 ra.
1469 3826 1524 3890 34.
1538 3828 1587 3891 55.
1608 3810 1757 3896 alibique,
1770 3836 1807 3879 cx
1828 3818 1977 3885 instituto
1994 3834 2049 3887 au.

546 3894 947 3979 ra.verbatitcit,quamue
964 3910 1276 3957 arcnsrmoure-
1319 3914 1447 3961 remro.
1466 3915 1553 3959 nnn.
1571 3916 1870 3985 unonnrrnvs,
1895 3910 1928 3971 in
1943 3906 2048 3975 libeliis

545 3986 641 4070 liquis
654 3982 805 4049 omnibus
821 3978 965 4065 praefert,
974 3978 993 4042 l.
1000 4000 1026 4044 c.
1033 3996 1106 4042 tom.
1113 3982 1139 4043 1.
1146 3999 1172 4042 c.
1179 3981 1276 4042 XXV.
1316 3982 1435 4047 daohm
1447 3982 1484 4044 tic
1500 3983 1678 4068 aſsalinguar
1689 3988 1854 4071 arabicae,
1868 3992 2047 4079 Lipfiaean

542 4078 640 4156 paor.
647 4068 745 4135 Nefas
754 4070 893 4133 omnino
902 4066 985 4145 esset,
994 4063 1178 4133 silentiohic
1186 4084 1276 4149 prae·
1323 4086 1407 4151 1707
1420 4072 1454 4132 in
1469 4090 1500 4145 4.
1518 4066 1625 4143 editisa
1639 4074 1821 4157 inquorum
1835 4080 2004 4163 posteriori
2017 4082 2047 4151 jd

549 4160 723 4223 termittcrc
750 4152 964 4219 lrilrliotbtcam
1001 4151 1277 4239 Vffrnhachianam
1316 4158 1395 4243 agit,
1412 4173 1447 4218 vt
1459 4154 1544 4221 libro
1561 4158 1630 4221 lobi
1641 4178 1681 4222 ex
1701 4158 1800 4228 hacce
1821 4167 1866 4231 lin
1891 4191 1930 4234 ua
1946 4172 2048 4239 lucent

548 4244 812 4327 manuscriptam,
834 4241 939 4307 Halae
960 4258 1046 4323 1720
1066 4239 1123 4305 sol.
1137 4236 1275 4314 editam3
1318 4240 1494 4327 adspergat.
1539 4241 1696 4324 Subfidia,
1711 4248 1838 4335 linguae
1899 4254 2051 4341 aldaicae,

548 4332 640 4395 cuius
656 4332 776 4413 quippe
786 4347 892 4413 partes
906 4344 970 4393 tres
982 4329 1103 4412 priores
1114 4323 1278 4392 avirodo·
1318 4328 1477 4415 syriacae,
1490 4329 1527 4396 δι
1542 4331 1696 4411 arabicae,
1705 4335 1919 4425 inseruientia,
1930 4344 2051 4415 indicat

586 4416 592 4427 '
619 4434 688 4479 uno
710 4434 763 4479 ro.
785 4435 1034 4481 neumare
1055 4417 1278 4493 concinnatae,
1324 4436 1415 4483 nvo.
1433 4436 1691 4500 rrrrrrravn
1707 4424 1742 4487 in
1760 4424 2051 4513 digreffionedm.

550 4518 674 4591 praeter
687 4502 946 4583 graecos&alios
954 4502 1124 4568 orientales
1138 4503 1280 4587 cumpri-
1324 4521 1408 4583 rara,
1421 4505 1482 4585 ofia,
1498 4506 1536 4573 ὅ
1539 4504 1684 4589 snbfidiis
1690 4508 1882 4595 linguarium,
1896 4538 1979 4602 qm
1994 4542 2052 4589 ω,

549 4592 613 4656 mis
628 4587 950 4657 ebraico-rabbinitos
961 4586 1087 4656 codices
1102 4591 1281 4655 continent.
1324 4606 1408 4669 tant,
1417 4592 1614 4655 oriemaiiam
1626 4596 2055 4693 &nquaeintriticaeiugo-

550 4678 601 4747 lte
613 4696 692 4745 vero
705 4669 884 4741 mdiceeilli
895 4676 1119 4757 recensentur,
1137 4675 1282 4743 vtmulta
1325 4698 1379 4744 cra
1393 4676 2055 4778 exstat.p.598.srqq.&inquaetiameadn

1960 4786 2058 4855 meio
