5259 5967
1463 622 1475 649 l

656 734 1190 847 nfflu1stavbatttta
1212 738 1629 810 ECCLESIASTICA.
1847 763 1912 831 743

1205 838 1916 860 ----.--....-........-..

401 883 495 963 1676.
510 902 543 963 4.
587 878 718 945 Falsum
732 876 792 945 hac
805 881 939 959 ratione,
952 893 987 944 vt
1003 871 1130 944 ecclesia
1174 893 1226 943 tur
1244 881 1279 943 iii
1299 881 1379 946 ellit
1398 880 1546 947 eruditor.
1570 884 1648 966 Lipfi
1673 904 1754 947 enno
1776 894 1855 964 ¹708·
1874 904 1908 968 p.

397 966 535 1053 speeiem
549 990 585 1032 ac
603 964 747 1033 indolem
762 967 952 1052 reipublicae
965 966 1130 1051 acciperet,
1166 978 1236 1049 385.
1244 966 1330 1051 fieqq.
1394 969 1467 1033 Nec
1481 985 1588 1034 tamen
1608 967 1670 1049 est,
1694 967 1783 1056 quod
1798 988 1907 1037 tantae

399 1056 532 1140 quilibet
558 1052 649 1120 facile
674 1053 838 1139 perspicir3
871 1050 1008 1137 indeque
1029 1070 1129 1138 porro
1171 1054 1266 1120 molis
1276 1074 1358 1140 opus
1368 1058 1625 1121 terroremnobis
1638 1058 1784 1124 incutiat.
1815 1056 1906 1121 Prae·

397 1144 572 1227 imperium
585 1138 664 1205 illud
675 1141 857 1226 episcopale
872 1142 904 1203 in
921 1139 1068 1225 papalem
1077 1156 1128 1225 ty·
1172 1157 1316 1226 terquam
1326 1146 1424 1221 enim,
1443 1140 1532 1226 quod
1541 1142 1638 1223 aliud,
1651 1139 1752 1209 finon
1760 1145 1905 1222 maioris,

347 1308 354 1317 .
396 1225 567 1294 rannidem
586 1225 798 1313 degenerans,
823 1229 1000 1291 maximum
1021 1229 1128 1292 incre·
1171 1246 1255 1294 certe
1268 1225 1409 1296 eiusdem
1425 1230 1534 1310 molis,
1549 1228 1596 1295 illi
1608 1233 1735 1316 opponi
1750 1228 1834 1295 facili
1849 1250 1905 1293 ne·

395 1335 544 1381 mentum
560 1316 725 1398 accepisse,
746 1315 837 1400 supra
853 1316 916 1378 iam
929 1315 1128 1378 monuimus.
1171 1318 1263 1401 gotio
1275 1311 1384 1399 possit,
1399 1312 1499 1400 siquis
1514 1337 1636 1398 omnes,
1651 1321 1707 1403 qui
1720 1319 1902 1401 contrapri·

394 1402 441 1467 Ex
462 1400 649 1467 dolioribtis
665 1404 751 1467 enim
771 1398 915 1466 ecclesiae
934 1402 1127 1485 imperantes
1172 1422 1296 1466 matum
1323 1398 1486 1486 pontificis
1510 1405 1722 1487 scripserunt,
1743 1406 1779 1470 in
1798 1423 1901 1469 vnum

395 1509 566 1574 rerumque
580 1487 702 1552 domini
713 1488 798 1567 tatii,
808 1482 1127 1571 vtmultaalia,'qiiae
1171 1510 1287 1574 corpus
1304 1487 1444 1576 redigere
1456 1489 1552 1555 vellet
1568 1514 1577 1565 3
1606 1491 1655 1557 vel
1669 1494 1762 1556 unius
1777 1508 1902 1555 crav-

394 1579 530 1639 ambitio
547 1572 711 1655 szadcbat,
733 1572 877 1640 ecclcsiae
890 1595 1002 1659 parum
1016 1575 1121 1637 illata-
1170 1597 1232 1641 iiir
1253 1595 1391 1642 sitiit
1402 1598 1451 1644 sii
1472 1578 1624 1644 stellatus
1639 1576 1677 1642 de
1690 1580 1831 1660 primatie
1840 1595 1902 1659 pe-

394 1665 440 1727 ria
461 1662 668 1747 suscipiebant
684 1686 694 1737 3
722 1667 765 1727 ita
782 1659 909 1727 tandein
930 1658 1125 1745 patriarchae
1163 1683 1242 1746 pae,
1256 1659 1310 1727 etsi
1326 1664 1392 1728 eius
1408 1680 1535 1729 tantuin
1549 1684 1625 1749 pers
1636 1664 1742 1748 prima
1755 1681 1830 1729 cum
1844 1662 1900 1731 ad.-

395 1746 586 1833 deprimam
605 1751 688 1813 inici·
704 1747 732 1814 se
746 1746 1002 1827 contendebant,
1021 1747 1124 1811 donee
1162 1768 1282 1834 paratu
1297 1751 1330 1816 δε
1343 1745 1568 1816 accessionibus
1590 1749 1781 1836 quibusdam
1802 1746 1899 1834 prod·

392 1854 653 1918 romanuscapizt
668 1834 880 1919 siipraonines
893 1835 1123 1905 extolleretis·
1166 1838 1214 1917 iit,
1254 1837 1329 1900 luris
1350 1834 1560 1902 aestimandus
1575 1840 1618 1904 est
1630 1884 1643 1919 ,
1666 1858 1764 1923 quam
1785 1838 1898 1920 ingens

391 1923 560 2008 liquosque
574 1920 630 1988 sibi
649 1922 798 1987 tibicere
814 1919 1018 2007 adniteretur.
1063 1924 1121 1983 At·
1164 1923 1219 1987 illa
1231 1858 1417 1987 bibliotheca
1425 1926 1586 2010 pontificia
1600 1946 1651 1990 ιο.
1663 1941 1840 1992 retortae
1855 1942 1899 1987 oa

415 2030 454 2074 ue
470 2008 509 2074 de
524 2004 731 2095 pontificib-as
746 2006 810 2074 istis
826 2013 978 2086 romanis,
993 2009 1047 2091 qni
1062 2006 1122 2071 lio·
1166 2030 1215 2074 ao
1226 2030 1271 2074 ci
1282 2031 1299 2074 a
1310 2030 1328 2073 ε
1339 2028 1418 2076 aar.
1464 2008 1622 2092 Pontifici,
1636 2006 1898 2076 ceuhierarchiae

389 2029 445 2163 'lie
465 2098 501 2163 in
517 2092 694 2162 hierarchia
709 2092 933 2175 ecclesiastica,
953 2095 1063 2158 saltem
1085 2111 1122 2156 eit
1165 2092 1560 2163 ecclesiasticaeinecclesia
1573 2091 1895 2179 romanaeapiti,sta·

387 2200 500 2251 mente
515 2177 771 2262 romanensium,
785 2186 927 2267 primum
944 2181 1055 2245 locum
1077 2196 1120 2243 re·
1164 2185 1223 2246 tim
1238 2185 1399 2268 iungimus
1410 2178 1596 2264 cardinales,
1610 2202 1666 2269 per
1677 2178 1771 2268 ipsius
1786 2182 1896 2265 ponti-

388 2288 480 2350 nent,
494 2271 686 2334 nuncetiam
700 2271 842 2356 primurn
850 2265 1021 2334 dicendum
1031 2264 1120 2339 ess'eti
1163 2265 1252 2333 liciae
1265 2269 1462 2335 auetoritatis
1497 2268 1700 2353 oreslarisque
1713 2271 1895 2332 incremen-

387 2354 442 2423 sed
449 2358 651 2443 praecipuos,
660 2358 716 2440 qui
727 2356 859 2423 illorum
867 2358 944 2419 vitas
954 2352 1119 2439 descripse-
1162 2372 1232 2421 tuin
1253 2352 1294 2421 ad
1315 2371 1440 2423 tantum
1484 2359 1624 2443 ignitatis
1643 2352 1800 2440 fastigium
1821 2374 1894 2418 eue·

388 2462 477 2520 runt,
493 2446 610 2529 pariter
625 2464 661 2509 ac
673 2443 764 2524 illos,
777 2444 833 2529 qui
849 2462 962 2509 arcana
981 2440 1119 2524 imperii,
1164 2442 1255 2517 diosa
1283 2444 1472 2526 inquorum
1488 2447 1645 2530 originem
1665 2443 1797 2526 ipsemet
1811 2442 1893 2504 olim

388 2526 478 2617 quod
498 2532 607 2596 moliti
627 2530 719 2612 sunt,
742 2528 950 2609 detexerunt,
974 2525 1014 2592 ad
1031 2537 1064 2605 §-
1071 2527 1119 2606 sc·
1162 2525 1323 2612 inquisiui,
1338 2533 1373 2593 in
1400 2527 1597 2613 chediasmate
1610 2531 1646 2594 de
1661 2530 1778 2613 arigim
1792 2526 1894 2591 cardi-

386 2634 526 2704 qteenrem
544 2615 768 2685 indicabimus.
823 2615 980 2683 nonoris
1000 2630 1119 2691 autem,
1160 2614 1479 2702 naliriaedi'gnireeis,
1502 2618 1777 2696 lenae169a.12.
1802 2612 1893 2677 Cori·

386 2708 442 2790 qui
455 2722 511 2769 aut
525 2726 584 2788 pro
598 2697 1120 2788 primaturomanipontisicis,aut
1162 2701 1356 2768 fcrteautem
1369 2705 1501 2784 iuuabit,
1511 2724 1592 2789 quae
1606 2722 1718 2768 arrii.
1731 2719 1892 2765 rosaria.

336 2810 338 2817 ·
387 2809 500 2857 contra
516 2793 665 2856 eumdem
679 2788 882 2875 scripserunt,
903 2790 1000 2874 quiue
1019 2788 1119 2850 maxi·
1163 2808 1415 2865 ciurrrivs,
1438 2785 1891 2873 inmerrepeli'niiteeumvrbl·

387 2898 439 2944 me
455 2878 549 2944 huius
563 2877 624 2941 loci
641 2877 731 2955 sunt,
747 2874 911 2942 recensent
931 2893 1038 2940 cast.
1055 2892 1117 2937 sa·
1160 2896 1211 2938 um
1231 2875 1356 2962 historie
1373 2874 1458 2939 ciuili
1477 2877 1515 2947 ὅ
1531 2875 1734 2960 eeclifiastiea,
1748 2888 1833 2955 pert.
1846 2874 1891 2937 tt.
1989 2904 1993 2917 ι

386 2985 408 3030 ο
417 2984 514 3031 rari
526 2985 545 3027 a
556 2985 593 3029 iv
603 2985 617 3028 s
624 3010 635 3043 ,
648 2965 682 3028 in
695 2960 956 3049 initiamenta.
969 2957 1117 3045 ecelefiajl.
1158 2962 1301 3048 differret.
1312 2966 1351 3027 V.
1361 2980 1395 3046 p.
1398 2981 1464 3044 3²²·
1469 2964 1555 3047 ftqq.
1577 2981 1615 3028 ex
1623 2960 1768 3027 instituto
1777 2956 1815 3025 de
1823 2977 1892 3024 cat·
1903 3022 1908 3045 =.
1925 2966 1927 2971 ’

384 3071 451 3136 cap.
466 3055 594 3116 XXVII.
601 3078 604 3085 ·
606 3070 639 3136 p.
651 3071 710 3135 715.
714 3051 799 3137 seqq.
815 3051 849 3117 &
862 3069 934 3116 roa
944 3069 978 3114 u.
991 3066 1075 3112 ano
1085 3063 1117 3111 a.
1160 3045 1317 3115 dinalibus
1340 3046 1467 3116 disserit.
1523 3048 1573 3115 De
1584 3051 1708 3133 origine
1728 3047 1815 3111 enirn
1835 3065 1891 3110 eo·

384 3158 630 3217 scuarioivs,
653 3141 687 3202 iii
708 3135 1115 3225 Sagittarianaei'nrroelull.
1158 3156 1242 3216 rum,
1260 3138 1400 3220 itemque
1409 3133 1447 3200 de
1462 3133 1674 3201 cardinalibus
1687 3132 1888 3219 presbyteris,

383 3225 418 3289 in
431 3224 534 3309 bislee.
549 3223 697 3308 eeclafiast.
710 3242 784 3290 rem.
798 3229 839 3289 11.
856 3222 896 3289 ad
908 3222 1114 3306 eigilwi.
1158 3220 1313 3300 diaconis,
1332 3221 1499 3308 episcopis,
1510 3221 1612 3307 deque
1621 3219 1738 3285 horum
1746 3217 1889 3292 sedibuss
1909 3228 1911 3233 '

378 3331 412 3397 p.
428 3318 495 3393 654.
508 3314 592 3395 seqq.
648 3307 700 3375 Ad
715 3332 791 3389 eos,
807 3313 861 3395 qui
877 3330 937 3394 pro
952 3301 1114 3393 pontificis
1157 3330 1257 3394 porro
1271 3306 1310 3374 de
1319 3312 1405 3374 varia
1415 3311 1499 3374 tituli
1509 3312 1559 3375 vel
1572 3305 1738 3373 diaconiae
1745 3308 1808 3374 bec.
1817 3323 1889 3390 per·

382 3400 523 3484 primatu
537 3394 696 3462 calamum
709 3395 918 3474 strinxerunt,
939 3390 1028 3479 quod
1042 3394 1113 3457 atti·
1156 3393 1328 3460 mutandae
1339 3397 1477 3476 ratione,
1491 3394 1593 3479 deque
1607 3391 1817 3461 cardinalium
1827 3411 1889 3455 nu·

381 3501 449 3561 net,
460 3480 784 3549 commemorandum
793 3483 979 3568 cumprimis
987 3477 1113 3545 vastum
1155 3502 1265 3563 mero,
1288 3479 1484 3568 insignibus,
1508 3479 1711 3565 &dignitate
1729 3481 1773 3545 ibi
1789 3477 1886 3544 verba

380 3566 462 3635 illud
469 3589 561 3655 opus,
575 3568 664 3655 quod
676 3591 726 3635 ιο.
740 3589 905 3637 riioiiis
921 3589 970 3633 or
986 3589 1035 3632 ao
1046 3587 1065 3631 c
1075 3586 1111 3630 a·
1154 3567 1239 3634 facit.
1284 3568 1334 3633 De
1348 3568 1503 3635 eledlione
1517 3569 1643 3632 romarii
1656 3562 1834 3652 pontificis,
1850 3565 1887 3628 iti

380 3673 528 3738 ariri,
563 3655 817 3742 archiepiscopus
844 3656 1052 3731 Valentinus,
1077 3652 1111 3717 dt
1155 3677 1217 3741 qua
1229 3651 1438 3719 cardinalium
1454 3658 1625 3740 praecipua
1640 3661 1715 3726 izaiei
1729 3650 1886 3735 conspici·

378 3742 599 3828 Hispanorum
609 3738 775 3829 inquifitor
783 3742 945 3830 generalis,
954 3737 1050 3817 dedit,
1060 3741 1111 3803 in·
1153 3760 1216 3820 tur,
1233 3738 1319 3806 idem
1334 3762 1564 3808 ciurrrrvs
1578 3739 1782 3826 efferatione
1796 3757 1885 3822 prae·

377 3829 550 3915 scriptum:
574 3828 756 3895 biblotheca
776 3832 917 3894 maxime
932 3826 1109 3978 pompeia,
1154 3826 1279 3894 cedenti
1292 3846 1408 3912 quarta
1429 3830 1510 3914 agit,
1527 3846 1559 3910 p.
1575 3839 1641 3910 298.
1656 3826 1739 3909 seqq.
1763 3822 1802 3888 de
1819 3842 1884 3907 qua

379 3916 414 3981 in
426 3936 489 4002 qua
509 3920 648 3984 autores
661 3917 794 3982 melioris
807 3933 917 3994 notae,
938 3912 992 3999 qui
1028 3916 1109 3978 elle·
1154 3916 1189 3983 ὅ(
1202 3935 1253 3979 ιο.
1268 3936 1314 3980 rit
1324 3934 1364 3979 ri>
1374 3938 1391 3980 ι
1400 3936 1431 3978 it.
1445 3935 1603 3980 maiani
1616 3910 1710 3978 exllat
1719 3911 1797 3976 liber
1803 3929 1883 3973 com·

380 4024 438 4068 nus
446 4022 507 4089 pro
510 4005 621 4087 fienlle
628 4010 769 4069 Romane
774 4004 855 4087 sede,
863 4018 929 4066 rum
936 4000 1109 4086 theologice,
1151 4002 1342 4083 menterius,
1366 4002 1519 4069 Holmiae
1534 4002 1567 4068 &
1582 4000 1764 4084 Hambuigi
1788 3999 1883 4075 1690.

378 4105 447 4154 tum
460 4092 604 4155 canonice
611 4091 806 4176 firipfteient,
815 4091 889 4173 fere
898 4108 1001 4153 emeres
1012 4087 1110 4151 conti·
1152 4107 1184 4173 4.
1200 4084 1314 4156 editus.
1359 4090 1407 4154 De
1420 4086 1618 4173 patriarchis,
1633 4105 1771 4172 quorum
1785 4083 1883 4150 initio

375 4194 501 4257 nentur,
515 4177 639 4243 Romae
649 4185 743 4261 1695,
751 4182 804 4261 96,
812 4188 853 4259 98
863 4177 958 4259 &99.
965 4178 1119 4242 romazi.
1152 4192 1215 4242 tres
1230 4172 1328 4258 suere,
1341 4173 1518 4256 Romanus,
1532 4170 1763 4240 Alexandrinus
1773 4170 1883 4239 &Aii-

376 4262 436 4330 sol.
459 4263 596 4330 Codices
611 4284 750 4350 namque
765 4263 828 4331 fere
842 4283 967 4343 omnes,
982 4264 1037 4348 qui
1046 4282 1107 4347 pro
1151 4260 1340 4345 tiocbenus‚
1356 4264 1470 4349 quibus
1484 4259 1599 4328 deinde
1611 4258 1879 4346 Hierosolymita·

377 4350 500 4417 tuendo
515 4352 642 4417 romani
654 4348 815 4436 pontificis
823 4349 1107 4436 primatuconscri-
1151 4372 1232 4430 rius,
1244 4350 1278 4418 ἀ
1290 4349 1419 4416 tandein
1434 4347 1814 4431 Conslantinopolitanus
1829 4368 1879 4412 ac-

373 4439 425 4588 pti
438 4436 880 4523 sitiit,auliormagnostudio
891 4437 1030 4522 collegit,
1039 4434 1107 4503 eol·
1150 4432 1246 4519 cessit,
1260 4433 1383 4504 erudite
1395 4437 1427 4505 &
1437 4435 1585 4502 adcurare
1595 4434 1710 4499 disserit
1721 4452 1771 4499 ιο.
1786 4454 1806 4496 v
1816 4456 1836 4497 o
1847 4454 1879 4497 n-

388 4523 476 4591 cetos
499 4547 540 4593 ue
552 4529 587 4590 in
600 4525 660 4592 hac
674 4524 869 4607 bibliothece,
884 4524 945 4591 suis
953 4523 1105 4591 sumtibus
1149 4546 1255 4591 srivs
1271 4528 1305 4590 in
1315 4526 1472 4588 exercitet.
1481 4525 1519 4587 de
1523 4523 1647 4606 solibus
1655 4519 1879 4604 episcopalibus,

373 4614 479 4697 impie
502 4634 532 4692 a,
548 4611 690 4681 exhiberi
703 4613 835 4679 curauit.
879 4610 961 4698 Ipsa,
974 4633 1055 4699 quae
1068 4613 1105 4676 iri
1148 4622 1181 4692 ς.
1195 4615 1231 4677 L.
1237 4616 1321 4697 seqq.
1335 4632 1417 4696 quae
1432 4608 1529 4675 exstat
1542 4609 1666 4693 infeste
1674 4610 1776 4691 primo
1793 4625 1877 4668 exer-

371 4694 475 4775 bucce
486 4720 584 4791 opere
598 4701 819 4788 coorientur,
832 4697 1104 4797 scriptaiudieeti·
1147 4700 1287 4771 citatio.
1297 4695 1679 4790 philologici-essonca.
1696 4708 1877 4761 arnoni

1723 4795 1879 4851 cirtulo
