5259 5967
810 668 876 737 DE
913 664 1239 753 THEOLOGIA
1265 666 1487 737 MORALI.
1838 692 1901 757 559

398 776 1120 803 -Ἣ

381 815 552 899 sententia,
559 813 633 884 acsr
648 814 767 903 ubique
783 816 819 881 in
827 836 959 882 morum
974 811 1123 885 doetrina
1166 834 1223 882 atr
1243 836 1456 883 curarant
1480 816 1619 903 epistolis
1635 820 1782 905 plurimis
1795 822 1903 891 obser·

381 928 453 977 rem
465 928 526 973 acu
543 906 693 991 tetigerit,
701 921 756 971 aut
771 900 851 970 nihil
866 900 1023 985 docuerit,
1031 902 1122 990 quod
1165 898 1321 984 nandum,
1328 923 1465 988 quarum
1478 902 1637 991 quaedam
1646 924 1751 975 tamen
1765 912 1899 996 propius

366 990 662 1081 'reprehenlionem
683 1008 862 1070 mereatur,
885 989 992 1057 multo
1012 996 1120 1059 mitius
1164 986 1205 1056 ad
1227 984 1373 1057 nostrum
1397 989 1581 1059 institutum
1603 992 1778 1075 accedunte
1807 1019 1898 1065 tum·

382 1085 526 1151 tationes
539 1100 653 1146 omnes
667 1081 784 1164 probo,
799 1078 914 1163 quibus
930 1076 1048 1163 placita
1064 1079 1119 1147 sua
1160 1076 1274 1231 primis
1288 1093 1399 1145 autem
1412 1098 1450 1143 ex
1471 1079 1557 1145 libris
1574 1080 1607 1147 dt
1627 1083 1813 1150 traslatibus
1829 1090 1896 1151 eius

381 1168 548 1246 stabilluit‚
579 1168 635 1231 uin
650 1168 771 1253 potius,
778 1162 933 1251 quasdam
946 1163 1119 1235 friuolus&
1187 1166 1257 1228 uius
1272 1164 1338 1229 loci
1354 1164 1437 1243 sunt,
1446 1166 1482 1229 de
1496 1166 1652 1251 adfligimur
1661 1174 1700 1239 (5
1711 1169 1823 1236 babitu
1833 1174 1896 1237 uir-

380 1252 541 1342 ineptase
565 1275 593 1333 e,
608 1253 720 1318 lubens
734 1251 848 1332 fateor,
864 1248 961 1338 idque
975 1253 1120 1340 exempla
1155 1250 1287 1337 ginuma
1308 1252 1346 1315 de
1361 1255 1502 1317 oratione
1514 1255 1684 1332 dominium
1706 1257 1743 1323 de
1753 1259 1896 1323 mortali-

382 1364 403 1409 a
416 1359 650 1411 nntuurancro
665 1337 771 1405 adlata
782 1335 911 1406 docent.
1162 1354 1246 1415 τινες
1265 1338 1304 1401 de
1316 1356 1401 1421 opere
1414 1341 1453 1409 ὅ
1466 1341 1670 1429 eleemosynise
1695 1344 1824 1409 debono
1835 1364 1895 1429 pa·

470 1425 523 1494 Aa
531 1423 858 1494 saeculumtertiumsr
865 1422 1118 1513 progrediamur,
1160 1426 1307 1501 uenum
1328 1425 1494 1497 duzeio&
1509 1427 1624 1509 liuore,·
1647 1432 1711 1501 &a
1776 1434 1814 1498 ln
1834 1430 1894 1497 do.

379 1518 526 1603 primum
533 1515 626 1579 nobis
634 1516 773 1581 occurrit
787 1537 809 1580 o
818 1534 839 1579 n
849 1536 860 1579 1
870 1534 951 1580 orat
960 1535 1010 1593 rs,
1019 1535 1118 1601 quem
1162 1512 1266 1579 sirint
1280 1532 1354 1577 cru
1363 1532 1384 1576 n
1393 1535 1404 1577 r
1413 1533 1433 1579 a
1443 1535 1485 1578 ur
1501 1517 1627 1597 morali,
1637 1520 1734 1599 varia,
1744 1538 1826 1603 quae
1840 1514 1894 1586 de-

381 1606 418 1671 in
434 1600 577 1669 homiliis
591 1601 654 1668 suls
669 1601 759 1687 saepe
774 1622 810 1665 ea
819 1602 952 1681 tradere,
958 1622 1039 1687 quae
1053 1600 1118 1667 for·
1160 1595 1282 1678 fideret,
1290 1618 1461 1685 praeeunte
1475 1624 1527 1667 ro.
1539 1624 1586 1669 cu
1596 1626 1614 1669 u
1623 1624 1643 1670 tt
1652 1627 1662 1670 r
1671 1626 1738 1683 co,
1752 1604 1893 1671 biblioth.

382 1687 511 1757 mandis
526 1686 781 1773 instruendisque
789 1684 962 1753 hominum
974 1690 1118 1755 moribus
1159 1688 1296 1767 uniuerfi
1309 1703 1384 1752 tom.
1395 1690 1464 1755 XII.
1475 1706 1508 1773 p.
1515 1694 1654 1776 tls-seqq.
1669 1691 1764 1759 habet
1777 1715 1820 1758 ιο
1829 1714 1849 1757 a
1858 1712 1892 1757 u.

382 1776 698 1855 inseruiunt‚notum
711 1772 770 1851 elle
792 1771 1070 1859 quemadmodum
1082 1776 1117 1843 dc
1159 1793 1489 1855 nanurrntcrvs,
1506 1776 1524 1841 s.
1534 1799 1559 1841 c.
1568 1781 1705 1861 pff&
1712 1802 1770 1863 44.
1778 1782 1893 1865 inqui·

383 1860 466 1931 illud
485 1866 593 1949 negari
618 1862 748 1946 nequit,
772 1883 847 1927 eum
859 1861 1008 1948 pleraque
1021 1864 1120 1929 inter·
1160 1858 1218 1923 bus
1243 1858 1420 1927 refellendis
1447 1884 1517 1929 non
1541 1869 1650 1931 minus
1675 1866 1827 1952 operosus
1846 1864 1891 1935 est

407 1952 557 2018 retationi
582 1949 770 2034 allegoricae
797 1948 969 2033 scripturae
992 1946 1114 2031 sacrae,
1158 1965 1381 2013 neuturus
1405 1969 1556 2016 cu1uur
1570 1973 1636 2031 ru,
1660 1952 1713 2020 lc.
1727 1957 1844 2039 cup.V.
1855 1972 1891 2037 p.

379 1972 450 2111 Koa
464 2034 524 2118 est,
546 2031 682 2103 infirmo
703 2034 889 2121 lubricoque
902 2032 1114 2103 fundamento
1156 2053 1206 2114 115.
1211 2035 1297 2187 segg.
1359 2035 1444 2100 Cum
1459 2055 1567 2103 tamen
1611 2040 1737 2124 lemque
1751 2038 1892 2109 adfusis

378 2122 601 2212 superstruere.
646 2120 737 2190 Idem
750 2144 825 2189 cunr
837 2124 934 2189 etiam
949 2141 1000 2189 ιο.
1016 2145 1117 2190 aaa·
1159 2140 1241 2206 quae
1264 2142 1336 2202 am,
1363 2118 1403 2187 ad
1416 2120 1540 2203 stilum,
1559 2061 1608 2192 ad
1620 2130 1758 2193 rationes
1773 2129 1889 2214 quibus

381 2231 616 2282 ternacius
631 2208 839 2285 obserualset3
861 2210 882 2275 l.
897 2231 923 2278 c.
935 2229 969 2294 p.
984 2230 1036 2296 45.
1059 2231 1116 2276 oc·
1160 2204 1353 2273 adsertiones
1368 2209 1437 2275 suas
1450 2212 1619 2294 probauit,
1633 2210 1781 2291 redeant;
1804 2212 1889 2281 lril'ce

378 2294 543 2367 cafionem
550 2295 625 2364 hine
634 2294 773 2382 adripuit
784 2318 867 2362 nura
877 2316 990 2363 totvs
1005 2318 1115 2364 curu·
1158 2296 1459 2381 immorari,operae
1473 2302 1614 2382 pretium
1629 2322 1698 2365 non
1713 2302 1783 2379 else,
1791 2298 1889 2367 duco.

379 2405 505 2465 utut,
541 2384 745 2471 allegoricam
768 2381 861 2450 istam
885 2386 969 2451 inter
993 2384 1115 2451 retandi
1157 2382 1197 2445 ln
1211 2377 1370 2447 methodo
1385 2385 1483 2462 enim,
1499 2382 1663 2471 modoque
1677 2386 1798 2472 aliquid
1813 2408 1888 2470 pro-

379 2476 554 2552 tationem,
570 2472 713 2558 patribus
730 2468 893 2552 usitatam,
916 2468 1115 2539 detendendi.
1158 2466 1272 2548 bandi,
1285 2467 1414 2619 ipsaque
1432 2466 1559 2537 dicendi
1572 2476 1714 2551 ratione,
1733 2476 1887 2557 patribus,

380 2557 443 2628 Sed
459 2556 522 2626 hoc
535 2558 630 2626 huius
642 2559 707 2624 loci
720 2578 789 2623 non
801 2556 855 2625 est.
901 2560 1013 2625 Meam
1032 2578 1112 2625 cete·
1157 2562 1273 2626 lulum
1319 2553 1381 2621 aud
1405 2578 1478 2621 raro
1506 2555 1625 2640 deesse,
1645 2560 1758 2625 lubens
1776 2557 1889 2628 l'ateor.

380 2649 502 2733 roquin
515 2643 555 2713 de
569 2644 722 2731 adegariis
733 2646 871 2731 origenis
880 2648 945 2711 iam
961 2646 1042 2711 olim
1049 2642 1128 2711 dixi‘
1156 2634 1248 2719 Est0‚
1262 2638 1400 2708 modum
1415 2643 1571 2710 excesserit
1585 2666 1685 2712 crare
1696 2665 1711 2711 1
1722 2669 1745 2713 a
1754 2668 1828 2713 uvs
1850 2644 1888 2713 in

379 2735 625 2813 sententiam,in
660 2730 1114 2817 eculiaridisputatione,quae
1158 2723 1317 2794 laudanda
1329 2733 1548 2810 continentia,
1572 2729 1787 2801 &euchendo
1801 2753 1888 2799 naar·

380 2824 417 2889 in
427 2821 569 2907 parergis
587 2755 928 2906 hildrico-theologicis
948 2818 1062 2899 exstat,
1079 2837 1115 2903 p.
1158 2815 1271 2899 tyri0‚
1304 2817 1341 2879 in
1366 2816 1630 2885 commendandis
1656 2819 1888 2909 eleemosynise

381 2929 441 2993 141.
447 2909 534 2993 stqq.
578 2902 640 2973 Sed
653 2927 713 2971 nec
728 2902 808 2971 illud
823 2904 917 2972 huius
930 2903 994 2971 loci
1008 2903 1063 2985 est,
1078 2921 1114 2971 vt
1156 2899 1392 2968 excusationem
1405 2919 1514 2969 tamen
1526 2904 1609 2971 forte
1623 2904 1797 2991 quamdam
1809 2928 1889 2992 pro·

381 2994 605 3083 disquiramus,
621 3014 702 3057 num
716 3012 817 3059 oure
827 3014 931 3059 rurs
945 2993 1040 3059 verba
1053 2990 1114 3059 ser-
1156 2989 1342 3067 merebitur,
1356 3011 1431 3055 cum
1446 2986 1562 3073 studio,
1578 2989 1730 3061 homines
1742 2991 1784 3059 ad
1797 2991 1888 3062 hasce

381 3084 504 3151 uatoris
519 3079 638 3147 usutth.
651 3083 736 3146 XIX.
752 3100 793 3145 ra.
808 3080 985 3147 litteraliter
997 3080 1114 3167 accipi·
1153 3076 1287 3141 virtutes
1295 3072 1501 3159 perducendi,
1510 3098 1650 3165 eousque
1656 3077 1887 3167 proveeluslit.

379 3166 487 3252 endo,
502 3168 533 3235 se
545 3168 650 3254 ipsum
662 3164 863 3235 castrauerit?
883 3164 1027 3255 illudque
1037 3166 1113 3233 saei-
1156 3159 1326 3229 Defedium
1345 3171 1464 3234 *nuestus
1483 3165 1626 3250 pensabit
1638 3164 1888 3253 quodammodo

379 3278 443 3325 nus
450 3278 531 3323 num
545 3277 604 3322 ceu
612 3253 780 3321 heroicum
794 3250 969 3321 laudauerit
982 3274 1113 3321 nurtu-
1155 3250 1347 3317 intentionis
1361 3249 1507 3328 bonuau
1529 3254 1711 3336 praesertim
1723 3276 1799 3322 cum
1812 3275 1889 3323 raro

380 3364 500 3415 antus
518 3340 773 3422 Alexandrinus,
796 3338 945 3407 nondum
965 3361 1112 3409 orten-
1154 3332 1334 3403 admodum
1355 3333 1506 3406 homines
1530 3340 1560 3408 l'e
1584 3338 1695 3409 induci
1709 3346 1888 3428 patiantur,

378 3452 449 3500 urs
466 3426 565 3497 hostis
585 3427 710 3496 faetus?
732 3424 853 3493 Eodem
871 3426 971 3493 hocce
986 3426 1111 3495 saeculo
1155 3441 1190 3489 vt
1205 3426 1241 3488 in
1253 3420 1338 3489 hisce
1352 3427 1514 3505 omnibus,
1528 3427 1599 3513 plus
1612 3427 1772 3513 faciendo,
1787 3449 1887 3516 quam

379 3520 461 3587 vixit
484 3536 715 3585 aarootrvs
736 3508 1026 3595 Neocaesarienlis‚
1055 3536 1111 3581 co·
1155 3508 1257 3576 facere
1270 3507 1582 3591 debebannmodum
1590 3512 1752 3584 excedant.
1775 3517 1887 3585 Paullo

378 3623 560 3694 gnomento
582 3602 845 3688 thaumaturgus,
869 3604 959 3668 cuius
978 3598 1112 3688 superest
1155 3598 1245 3663 aliter
1258 3594 1298 3662 de
1313 3618 1354 3663 eo
1370 3596 1564 3689 censendum
1578 3644 1591 3681 ‚
1613 3598 1702 3687 quod
1717 3602 1888 3690 episcopo·

378 3687 513 3779 epistola
528 3692 703 3769 canonica,
716 3690 753 3755 de
766 3690 825 3771 iis,
840 3690 896 3775 qui
906 3687 1113 3753 barbarorum
1154 3704 1226 3750 rum
1239 3685 1336 3749 nimis
1356 3684 1496 3751 extulisse
1512 3686 1737 3757 audoritatem
1750 3686 1887 3757 videtur.

377 3781 502 3860 incursu
517 3776 591 3861 supst
605 3778 708 3861 esseut,
729 3778 765 3841 in
798 3796 840 3843 ua
855 3772 895 3843 de
910 3776 1113 3860 poenitentia
1155 3772 1245 3837 Licet
1256 3774 1344 3835 enim
1357 3793 1414 3838 nec
1432 3770 1496 3838 hoc
1511 3772 1600 3841 malo
1620 3772 1723 3844 fecisse
1737 3774 1886 3859 consilio,

377 3869 456 3955 agit,
465 3867 501 3933 δι
515 3859 679 3949 disciplina
690 3796 1002 4013 cenedasticupuod
1015 3862 1110 3931 eccle-
1154 3854 1324 3925 censendus
1333 3855 1387 3937 fita
1409 3878 1532 3945 quanto
1539 3880 1648 3929 tamen
1662 3883 1735 3931 cum
1744 3862 1888 3950 periculo

374 3948 491 4022 fiallici
504 3949 715 4036 potissimis,
751 3970 828 4016 uam
843 3946 920 4015 theo
932 3951 1025 4035 ogiae
1039 3969 1111 4015 mo·
1156 3944 1368 4013 coniunctum
1382 3944 1436 4029 srt,
1449 3946 1472 4015 li
1487 3948 1565 4015 sacri
1579 3946 1701 4016 ordinis
1711 3952 1786 4017 viris
1802 3950 1888 4036 plus¹

375 4038 695 4125 adiumentum
750 4083 760 4104 .
803 4032 894 4104 Idem
908 4032 948 4105 de
966 4056 1113 4105 cauct-
1155 4052 1255 4119 quam
1268 4028 1358 4099 decet
1373 4034 1541 4118 tribuatur,
1555 4037 1750 4123 experientia
1762 4034 1887 4106 docuit.

525 4146 557 4245 §.
575 4144 625 4223 V.
675 4147 781 4226 Plura
800 4146 943 4251 ingenii
965 4164 1225 4258 monumenta,
1251 4143 1387 4259 quibus
1401 4143 1590 4247 theologia
1613 4145 1762 4223 moralis
1780 4145 1886 4260 loeu-

374 4244 508 4360 pietati
519 4246 668 4349 potest,
702 4246 943 4360 reliquerunt·
950 4244 1079 4324 saeculi
1092 4264 1217 4357 quarn
1239 4266 1412 4345 quinnue
1429 4242 1629 4359 doctores}
1658 4242 1723 4323 etsi
1741 4244 1887 4349 turgida

373 4344 738 4457 nimtsquorundam
752 4344 786 4421 el
840 4368 975 4435 uentra,
990 4342 1235 4459 methodrque
1249 4342 1453 4457 negleslus,
1467 4342 1696 4458 obstiterunt,
1748 4369 1802 4460 uo
1815 4346 1887 4423 mi·

374 4465 449 4521 nus
468 4442 607 4546 vbrque
630 4444 798 4547 dupssim
849 4470 870 4520 e
898 4442 1104 4523 rehendere
1125 4443 1243 4521 hceat.
1294 4448 1449 4519 lnterrm
1473 4462 1670 4521 certamma
1684 4370 1767 4521 uda
1792 4470 1885 4541 rana,

375 4566 471 4645 quae
485 4540 564 4653 lroc
573 4564 839 4725 temporeacce
866 4541 1262 4642 ereeffeeerttnssvtin
1275 4540 1494 4644 qubusdam
1509 4544 1681 4631 noualttx
1696 4540 1748 4625 do
1803 4544 1885 4623 'nae

372 4640 645 4821 mtrxrdtudsun
671 4644 845 4729 stetim*

1765 4746 1784 4795 ⁸
1801 4745 1889 4819 Inter
