5259 5967
575 736 648 763 ·=
758 708 1906 783 peruroroerrrnrrrcrsrvpoeurrrcr.
2034 710 2100 796 aa,
2183 682 2189 689 ’

585 848 617 915 lt
634 846 724 929 Iocis,
739 868 765 912 c.
781 852 826 916 11.
834 867 868 933 p.
876 871 932 934 109.
947 847 986 916 de
999 871 1081 916 voce
1101 850 1234 935 eccleſsae
1246 870 1315 915 ver·
1361 848 1468 917 iudicii
1483 852 1553 933 fuit,
1568 874 1667 939 quam
1687 851 1760 919 sunt
1784 851 1927 937 plerique
1945 846 2094 920 tonores

588 936 624 1001 ba
646 932 788 1019 faciens,
818 957 894 1002 curn
915 937 1010 1002 verba
1029 936 1186 1024 apostoli,
1213 937 1318 1023 fidelis
1360 934 1536 1025 pontificii,
1557 944 1594 1006 in
1598 942 1723 1021 stamma
1731 938 1998 1024 colloquiicamlo.
2006 944 2093 1004 Hat-

589 1024 686 1103 oeus,
697 1041 754 1106 pet
766 1042 857 1107 quem
868 1026 970 1089 vocati
988 1022 1070 1109 estis,
1091 1026 1126 1090 in
1138 1025 1317 1106 societatem
1358 1042 1403 1108 to,
1420 1026 1457 1090 de
1471 1028 1571 1111 capite
1582 1030 1622 1099 U
1627 1028 1692 1115 fine
1705 1027 1779 1091 eccle
1799 1047 1859 1105 ae„
1868 1046 1900 1111 p.
1914 1036 1979 1109 ²89·
1989 1022 2093 1107 Quod

589 1104 645 1195 fissi
658 1110 796 1192 circsIefic
804 1108 932 1197 Christi,
955 1132 967 1176 1
986 1115 1088 1177 Cor.I.
1098 1134 1128 1196 9.
1147 1111 1315 1191 recitasset,
1360 1130 1470 1180 tamen
1491 1116 1525 1179 in
1547 1136 1586 1179 eo
1607 1135 1675 1179 non
1698 1136 1757 1199 pro
1781 1111 1880 1193 idisse‚
1900 1114 1956 1179 alii
1982 1110 2093 1179 obser·

596 1190 689 1261 addit:
708 1196 860 1281 qttaefitte
873 1199 1121 1280 dublosocietas,
1142 1220 1210 1261 cum
1227 1197 1314 1263 Chri·
1357 1218 1449 1279 uant,
1464 1198 1541 1266 dum
1559 1201 1612 1266 lib.
1626 1205 1680 1268 VI.
1692 1203 1729 1264 de
1741 1203 1797 1266 soc.
1811 1198 1940 1286 theolog.
1955 1220 1981 1267 c.
2000 1201 2089 1265 VIII.

592 1276 625 1367 sti
638 1281 816 1369 eccsefiafit,
844 1286 899 1369 qui
910 1286 1036 1349 titulum
1050 1286 1137 1350 illam
1150 1285 1213 1370 fibi
1223 1305 1313 1349 arro·
1357 1286 1473 1368 scribit,
1487 1307 1590 1372 papae
1602 1288 1799 1371 conclufioner
1814 1286 1865 1373 ff
1878 1308 1974 1351 vetas
1989 1287 2029 1357 θ’
2036 1304 2090 1350 ne·

596 1384 670 1454 gant,
690 1372 716 1436 ii
736 1371 885 1452 videant,
912 1393 955 1436 an
976 1370 1200 1437 haereticorum
1228 1392 1313 1435 more
1355 1375 1502 1462 crffiriar,
1517 1378 1556 1446 ες
1579 1398 1589 1439 ι
1598 1376 1843 1463 praemiffiaenec
1861 1394 1957 1439 verae
1969 1392 2023 1438 nec
2041 1391 2091 1436 re.

534 1482 536 1489 ·
597 1472 674 1539 pnes
697 1458 732 1542 se
762 1457 911 1543 ecclefiam
941 1458 1080 1545 existere,
1111 1460 1311 1524 mentiantur.
1356 1460 1543 1545 llaefint5i
1587 1459 1676 1547 quod
1691 1483 1742 1527 ro.
1765 1477 2090 1531 uvosumanuvt

601 1540 710 1629 Quibus
726 1546 830 1613 verbis
845 1548 1104 1628 eumfacietatem
1113 1546 1175 1629 Itfic
1188 1566 1311 1632 punge·
1353 1569 1469 1615 nouum
1482 1550 1515 1612 in
1530 1547 1627 1636 logica
1633 1548 1832 1635 priuilegium
1844 1564 1956 1625 vocat5
1978 1549 2013 1613 in
2019 1565 2090 1611 ma-

597 1650 634 1713 re,
647 1630 849 1700 manifestum
866 1632 921 1699 est.
966 1631 1212 1719 Necnegathoc
1227 1653 1310 1699 ura·
1355 1635 1445 1701 attali
1477 1634 1604 1723 August.
1631 1634 1747 1721 confrffi
1762 1635 1836 1720 disp.
1854 1638 1945 1700 XIII.
1960 1652 1996 1717 p.
2015 1652 2089 1717 575.

596 1736 725 1785 crnrrrus
747 1740 860 1799 staur,
873 1716 927 1785 sed
945 1742 1005 1805 pro
1026 1718 1204 1786 excusando
1221 1739 1312 1784 cauo
1356 1718 1429 1789 add
1444 1742 1539 1789 raro.
1559 1742 1746 1801 cantaros,
1769 1726 1804 1787 in
1823 1723 1906 1787 notis
1926 1722 1970 1786 aas
1991 1721 2090 1785 Galia.

534 1832 537 1845 ¹
590 1803 764 1893 respondet,
778 1806 865 1870 illum
883 1828 919 1869 ea
930 1823 1035 1871 aetate
1052 1825 1222 1891 temporum
1235 1808 1313 1890 scri·
1357 1810 1505 1875 Naadaei
1519 1808 1724 1897 bibliograpb.
1735 1808 1826 1894 polit.
1835 1826 1870 1894 p.
1878 1812 1948 1895 556.
1993 1804 2084 1873 Etlu·

582 1892 671 1981 pfiffi»,
683 1914 746 1978 qua
761 1895 851 1958 rebus
865 1895 1001 1958 nondam
1014 1896 1058 1958 ad
1074 1894 1225 1979 liquidum
1240 1914 1313 1979 per·
1358 1897 1435 1963 bens
1453 1896 1528 1963 sane
1546 1894 1660 1977 fateor,
1696 1918 1766 1962 non
1787 1897 1901 1964 omnia
1919 1886 2088 1981 probanda

584 1983 694 2059 dussis,
702 1980 766 2067 fini
791 2001 845 2044 tat
858 1982 951 2062 nestit
967 2002 1046 2067 quae
1060 1982 1099 2045 te
1118 1982 1312 2066 nafttnttso·
1356 1983 1427 2065 esse,
1436 2002 1517 2070 quae
1531 2002 1688 2050 unucu-
1703 2002 1834 2050 canvs
1849 1979 1985 2069 scripsit,
1999 1998 2088 2061 cum,

581 2068 703 2134 rietatis
714 2070 747 2133 in
770 2068 849 2132 ituto
856 2068 1048 2156 firspiciones,
1064 2070 1207 2133 virorum
1219 2070 1314 2131 eriam
1355 2088 1392 2137 vt
1411 2090 1531 2136 errores
1549 2089 1705 2139 romanae
1731 2066 1877 2138 ecclefiae
1903 2085 2041 2148 exuerer,
2068 2086 2090 2132 a

579 2154 742 2243 infignittm
762 2155 887 2241 ingenia
907 2172 1149 2242 occupauerant,
1162 2156 1312 2241 quassttc-
1356 2158 1449 2223 seim
1474 2175 1574 2226 errare
1589 2178 1658 2225 non
1678 2158 1832 2245 potuerit.
1875 2151 2089 2223 Idtamenvel

579 2244 654 2331 ceffla
666 2246 812 2326 temporis
826 2242 963 2330 religiosa
975 2244 1106 2325 societas
1120 2243 1203 2306 eluit.
1248 2245 1315 2304 Nec
1359 2266 1395 2309 ex
1411 2178 1496 2329 ipis,
1507 2263 1586 2328 quae
1605 2264 1750 2331 expertus
1765 2241 1820 2326 est,
1829 2244 1969 2311 aliorum
1984 2260 2089 2328 repre·

578 2330 762 2397 mirandum
780 2330 902 2411 idcirco,
923 2334 967 2397 ita
963 2333 1104 2503 spergit,
1117 2326 1314 2415 stfinistrum
1358 2328 1577 2410 hensionibus,
1592 2348 1693 2417 patet,
1715 2334 1823 2399 virum
1836 2326 2089 2415 fuissefingulari

577 2416 744 2507 quidpiam
754 2415 792 2480 Ie
811 2432 957 2504 arrogata
982 2420 1037 2497 rbi,
1050 2434 1088 2481 vt
1102 2415 1247 2501 plurimis
1263 2415 1314 2480 vi·
1357 2415 1479 2485 iudicio
1493 2416 1684 2503 praedirum,
1698 2421 1755 2505 qui
1769 2439 1888 2485 naeuos
1903 2416 2087 2501 theologiae

576 2507 724 2581 debatur,
732 2504 863 2589 superbo
871 2506 1027 2590 sacietatis
1041 2506 1105 2587 Iesu
1120 2504 1244 2567 nomine
1256 2504 1313 2584 fu·
1358 2508 1394 2571 in
1413 2500 1540 2571 ecclesia
1571 2526 1708 2573 romana
1727 2522 1883 2591 receptae,
1902 2502 2088 2591 praesertim

580 2595 644 2659 trit
657 2584 845 2675 fitspicattts,
877 2594 933 2657 vir
958 2592 1041 2657 alias
1062 2588 1314 2675 prudentiffimtts.
1359 2590 1582 2675 scholasticae,
1604 2593 1705 2680 probe
1748 2591 1905 2679 erspesios
1928 2585 2088 2667 hebuerit,

579 2680 657 2747 Facit
672 2678 754 2742 enim
767 2674 981 2744 baccilsitttm
994 2679 1139 2763 temporis
1158 2697 1226 2740 cum
1241 2676 1316 2741 aliis
1359 2676 1516 2764 quosdam
1533 2682 1632 2746 etiam
1655 2614 1785 2747 cordine
1800 2678 1964 2749 detexerit.
2008 2674 2087 2742 Huc
2171 2756 2173 2761 Ι

579 2765 690 2831 multis
701 2765 829 2848 firspicio
851 2767 1031 2846 communis,
1067 2767 1154 2828 caius
1166 2764 1256 2827 nobis
1277 2763 1315 2832 θ’
1361 2785 1501 2850 namque
1518 2766 1592 2832 libri
1606 2769 1673 2833 eius
1685 2768 1842 2832 duodecim
1862 2767 1899 2832 Ie
1913 2763 1987 2830 locis
2000 2760 2087 2827 theo·

577 2850 906 2937 domesticisocietatis,
922 2854 962 2923 εἴ
976 2852 1117 2917 extranei
1130 2848 1315 2938 tellesfirlem
1358 2852 1472 2937 logicis,
1486 2868 1578 2917 antea
1592 2857 1774 2934 memorati,
1783 2854 1952 2939 praecipue
1967 2848 2087 2936 spella·

574 2942 752 3029 plurimam
757 2937 886 3022 faciunt
891 2963 904 3019 ,·
926 2937 960 3005 id
969 2935 1058 3025 quod
1067 2958 1189 3004 ruane.
1198 2956 1314 3002 suann-
1358 2959 1391 3005 re
1413 2936 1572 3020 videntur,
1606 2942 1776 3026 inquibus
1799 2943 1987 3023 neutiquam
2004 2939 2087 3001 inte·

578 3050 635 3109 ιιι,
657 3047 860 3093 sonuerat:
883 3028 1176 3105 rarrrvrc'rrer,
1211 3020 1312 3089 cardi·
1357 3046 1450 3111 grum
1464 3022 1597 3112 aliquod
1609 3026 1792 3113 theologiae
1812 3022 1954 3114 systema,
1973 3022 2085 3089 secun·

581 3116 677 3195 nasis,
703 3133 1076 3192 univocorum,
1111 3113 1313 3195 aliorumque
1357 3111 1435 3178 dum
1450 3109 1597 3178 usitatam
1614 3110 1818 3194 methodum,
1831 3108 2016 3185 exhibetur3
2032 3104 2087 3175 sed

581 3199 775 3271 testimoniis
810 3203 1014 3286 comprobat,
1051 3200 1105 3263 loc.
1130 3201 1180 3265 cit.
1217 3218 1242 3261 c.
1270 3200 1310 3261 II.
1355 3217 1389 3264 vt
1410 3198 1475 3283 ipsa
1494 3199 1660 3285 inscriptio
1674 3198 1789 3279 docet,
1826 3219 1905 3266 veta
1927 3193 2087 3280 refellendi

538 3285 754 3375 Qudquid
769 3290 834 3353 eius
851 3286 903 3368 sit,
918 3288 1078 3353 societatis
1094 3286 1161 3351 Iesu
1183 3284 1311 3351 theolo-
1352 3287 1507 3368 tnirrttsos
1522 3284 1589 3352 chri
1611 3291 1704 3352 ianae
1719 3287 1875 3374 religionis
1887 3283 1993 3371 hostes,
2014 3302 2087 3348 cott-

581 3396 642 3465 gos
657 3396 729 3441 non
743 3372 824 3441 adeo
837 3396 940 3461 aequo
961 3378 994 3440 in
1017 3394 1147 3439 Meteri.
1163 3391 1309 3436 cauvur
1345 3374 1556 3459 firmandique
1578 3394 1653 3437 acra
1672 3376 1830 3460 dogmata,
1857 3375 1939 3437 ratio
1961 3393 1999 3435 ac
2020 3371 2088 3452 estat

582 3462 646 3531 esse
660 3462 783 3542 animo,
796 3460 873 3529 inde
882 3465 1040 3527 coniicerc
1049 3462 1133 3525 licet.
1177 3457 1309 3537 Nescio,
1353 3462 1460 3525 exalia
1473 3460 1655 3545 ostenditar3
1679 3458 1770 3526 srmul
1791 3481 1867 3527 vero
1885 3458 1991 3523 omnia
2005 3458 2089 3539 fere,

578 3570 741 3639 quaenam
757 3550 859 3615 caussa
875 3547 923 3630 srt,
937 3545 1027 3634 quod
1044 3566 1143 3614 orna.
1156 3565 1311 3610 navoao·
1374 3566 1433 3609 uae
1445 3544 1535 3610 hodie
1549 3548 1582 3610 in
1596 3546 1800 3630 controuersia
1811 3544 1978 3624 habentur,
2003 3545 2088 3607 lacta·
2113 3546 2117 3553 '

580 3658 631 3720 vt,
644 3638 767 3722 ingenii
784 3634 927 3722 quidem,
940 3639 1044 3700 immo
1060 3634 1094 3700 ἃ
1109 3630 1220 3698 iudicii
1241 3632 1310 3695 lau·
1354 3569 1504 3717 intiffime
1516 3635 1738 3698 examinantur
1742 3655 1755 3712 ‚·
1770 3632 1832 3711 vel,
1846 3648 1881 3696 vt
1892 3650 1963 3696 tere.
1978 3649 2087 3694 tuco-

581 3722 660 3793 dem
675 3744 785 3790 cauo
800 3724 931 3805 tribuat,
939 3738 971 3787 at
983 3725 1135 3808 pietatem
1157 3721 1190 3784 in
1205 3738 1244 3782 eo
1258 3715 1311 3782 de·
1354 3738 1450 3786 arva
1477 3718 1636 3784 summam
1663 3720 1796 3785 illorum
1817 3717 1960 3784 exhibet:
1982 3717 2088 3798 topica

583 3808 707 3881 srderet.
770 3812 942 3876 Politicum
963 3813 1049 3875 enim
1072 3808 1165 3873 suum
1177 3801 1218 3870 ad
1232 3824 1312 3868 con·
1354 3806 1511 3887 laceſsant
1532 3805 1711 3893 theologica,
1726 3805 1793 3891 stuc
1815 3805 1873 3871 loci
1890 3818 2087 3887 argumento-

583 3896 750 3970 nouerfias
775 3897 972 3983 theologicas
1002 3898 1061 3961 rite
1093 3887 1311 3979 percipiendas
1356 3891 1827 3980 rum,atbeologisafiarpattdi,·
1850 3891 2086 3977 quitertiae.

581 3985 743 4066 erudiens,
755 3986 833 4051 vtile
847 3990 952 4065 etiam,
971 3984 1087 4069 inquit,
1115 3980 1312 4065 Cafflandrum
1356 3999 1509 4045 srxrvra
1534 3979 1714 4060 senensem,
1742 4001 1780 4044 ac
1804 3994 2086 4045 centaurum

579 4074 729 4153 euenere,
744 4073 798 4158 qui
817 4088 864 4136 tot
879 4071 947 4136 lites
960 4086 1066 4156 aperte
1085 4069 1208 4154 quidem
1233 4084 1312 4129 com·
1356 4086 1540 4132 nazzrvra
1554 4082 1657 4147 notat,
1672 4062 1761 4152 quod
1774 4081 2000 4153 argumentum
2008 4059 2087 4131 islo-

573 4180 691 4249 ponere
701 4160 847 4238 teatauit,
858 4158 928 4223 licet
939 4158 1055 4224 maiori
1069 4158 1196 4240 pietate,
1219 4172 1314 4237 quam
1355 4174 1427 4219 rum
1448 4153 1606 4219 librorum
1618 4174 1687 4219 non
1707 4152 1791 4220 resse
1811 4148 2027 4237 expresserint,
2050 4146 2086 4214 δι

579 4248 715 4333 ingenit,
744 4248 783 4316 ὅ
809 4244 1009 4310 Melchiorem
1031 4248 1161 4323 Canum,
1184 4242 1238 4325 qui
1256 4237 1314 4304 hcc
1356 4241 1418 4306 alia
1435 4257 1552 4305 notatu
1573 4237 1670 4327 digna
1687 4236 1725 4307 de
1751 4241 1814 4306 illis
1836 4233 2029 4325 suppeditat,
2049 4236 2086 4300 in

583 4338 676 4414 idem,
684 4334 741 4416 fied
755 4332 867 4397 occulte
885 4350 1012 4396 conatus
1026 4329 1076 4417 est,
1098 4331 1219 4415 ingenio
1244 4348 1311 4389 ma·
1355 4325 1498 4391 biblioth.
1509 4325 1625 4410 hispan.
1640 4348 1734 4407 noua,
1746 4343 1822 4393 tom.
1838 4330 1881 4392 11.
1893 4343 1927 4409 p.
1941 4344 1991 4408 97.
2020 4323 2084 4389 Ni·

586 4422 659 4499 itri,
671 4441 766 4505 quam
776 4420 903 4503 pietate,
919 4440 958 4482 ac
971 4418 1191 4504 propemodum
1211 4414 1313 4478 admi·
1356 4415 1485 4493 mirrim,
1504 4435 1578 4478 cum
1594 4414 1672 4479 libro
1688 4420 1713 4481 l.
1735 4417 1835 4481 totius
1862 4414 1966 4499 operis
1988 4410 2086 4499 parti·

583 4506 679 4575 rabili
692 4507 821 4582 iudicio,
843 4504 1046 4592 bibliograpb.
1057 4504 1145 4588 polit.
1166 4526 1191 4568 c.
1211 4506 1266 4567 IX.
1277 4521 1310 4589 p.
1354 4504 1480 4567 tionem
1494 4498 1676 4575 tradidissen
1687 4503 1722 4570 δι
1738 4500 1777 4571 de
1792 4502 1941 4568 locorum
1957 4498 2088 4569 theolo-

581 4618 626 4661 nr.
638 4616 713 4678 554.
758 4615 922 4660 roenna
938 4615 1013 4658 vero
1028 4611 1245 4658 urruoroo
1262 4594 1310 4657 iu·
1355 4590 1503 4675 gicorum
1516 4585 1630 4656 ordine
1656 4606 1752 4674 atque
1775 4610 1912 4658 numero
1933 4580 2088 4675 disputas·

581 4681 665 4765 dice,
682 4702 816 4765 caurus
831 4683 975 4749 melioris
983 4680 1110 4759 mentis,
1119 4679 1313 4763 seniorisque
1356 4675 1417 4765 set,
1437 4676 1664 4759 turificando
1678 4676 1718 4746 de
1740 4677 1931 4751 auctoritate
1955 4676 2088 4757 scriptu-

1466 4761 1520 4829 Zz
1544 4780 1562 4845 3
2027 4777 2093 4843 rae,
2196 4796 2198 4801 ·
