5259 5967
656 714 722 786 DE
742 716 1195 791 IVRISPRVDENTIA
1215 720 1637 795 reebnslnsrrcn.
1850 736 1918 804 7³7
1942 770 1944 775 ,

398 818 1542 843 .......-.............-.............-.„.
1561 826 1913 843 --..............

396 851 432 919 lii
444 846 646 933 Sardicenfis,
663 853 779 938 quibus
794 846 1135 939 pontificiaemaiella-
1179 849 1394 921 declinaturus
1413 874 1649 937 nrcrrrtrvs,
1673 861 1809 929 nonrine
1829 864 1909 949 regis

398 941 441 1009 tis
460 956 716 1025 propugnatores
736 942 787 1006 ius
807 935 1009 1026 prouocandi
1027 935 1070 1007 ad
1087 938 1134 1008 se·
1177 960 1234 1025 per
1257 937 1528 1028 archiepiscopum
1554 942 1816 1033 Burdegalensem
1841 971 1910 1016 rr·

396 1024 473 1093 dern
494 1046 666 1091 romanam
686 1020 854 1093 defendere
876 1025 995 1109 solent,
1017 1027 1084 1094 eius
1096 1023 1134 1095 fit
1176 1048 1255 1094 nno
1285 1047 1495 1096 oretanos
1520 1034 1680 1118 imperat,
1708 1050 1743 1099 vt
1762 1031 1908 1101 aduersus

395 1112 563 1193 sententia,
577 1117 643 1179 iant
657 1110 698 1179 ad
715 1122 745 1195 §.
757 1116 986 1198 praecedentem
998 1113 1133 1200 exposu-
1175 1110 1262 1180 hunc
1276 1115 1422 1183 libellum
1434 1116 1567 1199 scribat,
1579 1120 1637 1200 fid
1646 1140 1683 1185 ea
1691 1120 1849 1201 methodo,
1870 1144 1909 1186 ne

393 1203 491 1266 imus.
535 1222 590 1267 ro.
612 1220 840 1282 unvuorvs,
863 1198 1033 1289 theologus
1049 1202 1132 1267 Pasi-
1174 1200 1329 1267 libertates
1338 1203 1469 1288 scelestae
1475 1203 1649 1291 gallicanae
1660 1229 1740 1292 quas
1747 1227 1806 1293 per
1825 1208 1907 1272 latas

395 1283 517 1368 srensrs,
532 1284 585 1353 sed
599 1290 649 1354 vir
661 1284 828 1369 cordatus,
844 1290 879 1354 in
894 1289 976 1355 libro
989 1290 1027 1353 dt
1038 1307 1131 1354 vent-
1173 1308 1235 1353 nen
1249 1288 1364 1353 occulte
1372 1293 1498 1373 petebat
1515 1296 1656 1375 Optatus,
1670 1295 1808 1381 aliquam
1816 1311 1906 1379 pate·

395 1374 498 1438 tanda
513 1394 661 1440 romanae
672 1374 805 1459 ecclesiae
818 1376 988 1441 traditione
1002 1373 1131 1459 circafi-
1174 1390 1281 1439 rentur
1295 1376 1465 1457 iniuriam
1487 1383 1562 1462 quin
1577 1380 1670 1445 imino
1681 1382 1716 1446 id
1718 1382 1823 1464 sedulo
1834 1402 1855 1444 a
1875 1401 1906 1444 e·

393 1462 554 1541 moniam,
574 1478 727 1539 annatas,
744 1461 832 1528 velut
846 1460 1071 1529 exsecrandum
1090 1458 1128 1528 sr-
1172 1478 1236 1538 ret,
1246 1478 1285 1526 vt
1302 1484 1405 1527 omnes
1422 1464 1637 1550 intelligerent,
1660 1466 1817 1533 libertates
1838 1402 1906 1533 idas

392 1549 525 1614 moniae
538 1567 637 1634 genus
645 1547 885 1634 perstrinxeram
907 1566 939 1615 at
953 1546 1128 1615 lrarumde·
1171 1546 1255 1613 nibil
1264 1548 1425 1614 detrahere
1436 1551 1473 1615 dt
1486 1555 1675 1633 reuerentia,
1689 1576 1768 1640 qaae
1780 1555 1906 1620 debetur

389 1631 571 1701 sensionem
593 1638 627 1699 in
648 1636 679 1702 sc
702 1635 784 1702 susce
808 1639 834 1701 it
854 1656 1126 1714 arrxuuorn,
1171 1656 1320 1700 romanae
1332 1636 1422 1718 sedi,
1442 1658 1536 1723 quarn
1551 1658 1630 1722 prae
1653 1644 1769 1707 cannis
1785 1642 1906 1725 semper

389 1720 460 1806 bill.
475 1720 659 1803 eccltssfittc.
671 1726 741 1789 XV.
811 1728 897 1789 XVI.
912 1723 1058 1808 elt'ffirtan
1070 1726 1126 1787 IX.
1169 1724 1349 1786 nationibus
1364 1720 1446 1789 Galli
1459 1722 1684 1811 constantiffime
1700 1729 1905 1795 retinuerunt.

389 1827 422 1893 p.
427 1808 495 1889 562.
500 1810 586 1892 seqq.
620 1810 1126 1893 Curnptinrisvcroanirnumini-
1170 1810 1220 1873 lta
1234 1809 1269 1875 dc
1282 1806 1498 1889 occasronenr,
1520 1814 1554 1879 dt
1571 1813 1704 1899 scopum
1719 1812 1813 1881 huius
1826 1835 1904 1899 ope·

393 1888 577 1981 quilsrmurn
593 1892 717 1979 prodit,
732 1893 828 1975 dum,
844 1916 926 1980 quae
942 1895 1126 1978 improbat,
1170 1896 1212 1959 ris
1230 1898 1366 1979 exponit
1386 1917 1525 1964 srrrrr.
1548 1918 1760 1980 uabvzrvs,
1778 1904 1814 1966 in
1832 1904 1905 1967 vita

392 1976 585 2069 pontificum
599 1985 633 2046 in
648 1982 771 2048 Galliae
786 2002 883 2066 reges,
894 1978 1126 2047 eorumdenrin
1169 1983 1255 2046 Petri
1265 1982 1304 2045 de
1319 1984 1446 2059 Marta,
1461 1981 1563 2047 eidem
1574 1987 1752 2069 praemissa,
1768 1998 1802 2067 ς.
1815 1990 1902 2053 VIII.

389 2072 598 2153 imperatores
621 2071 843 2153 germanicos,
864 2064 905 2132 ad
921 2088 1035 2135 eorum
1055 2070 1125 2133 iura
1164 2085 1199 2154 p.
1211 2089 1242 2152 p.
1266 2066 1456 2152 Intelligitur
1469 2063 1553 2149 inde,
1568 2074 1705 2156 verique,
1721 2074 1904 2141 &nicias-

389 2151 912 2235 conculcanda,laudatfacinora5
931 2152 1022 2240 quod
1034 2173 1124 2239 prae·
1168 2172 1238 2219 rso
1263 2150 1443 2231 cardinali,
1476 2156 1510 2221 dt
1537 2176 1668 2223 terreo
1692 2178 1901 2227 nouerca

389 2259 441 2310 ter
453 2241 516 2307 alia
523 2242 558 2305 in
567 2261 606 2305 eo
614 2240 698 2308 telle
705 2238 908 2327 reprehendit
924 2261 1042 2307 ruins
1062 2259 1123 2304 vrs-
1167 2237 1380 2306 constitutum
1396 2236 1495 2321 fiulse,
1510 2238 1665 2327 ecclesiae,
1678 2248 1828 2332 regnique
1836 2244 1902 2330 gal·

388 2348 543 2409 srurvs,
565 2329 601 2391 in
613 2327 719 2413 diffiert.
736 2329 884 2415 isttgogica
895 2330 928 2391 in
936 2323 1124 2411 adnabit.
1167 2325 1264 2391 licani
1276 2326 1465 2408 libertatem,
1480 2330 1525 2395 ita
1540 2333 1633 2412 tueri,
1649 2352 1691 2397 ne
1702 2330 1901 2398 offenderent

388 2415 485 2497 ecclefi
499 2413 614 2498 capita,
632 2432 694 2479 art.
703 2418 790 2481 VIII.
806 2424 840 2493 ς.
851 2418 908 2479 IV.
919 2432 953 2498 p.
966 2416 1031 2491 ate.
1039 2414 1123 2498 seqq.
1166 2414 1263 2478 nimis
1283 2407 1487 2499 pontificem.
1555 2418 1594 2485 Et
1609 2415 1650 2483 ad
1665 2438 1731 2483 arc
1743 2440 1764 2483 rr
1775 2434 1902 2485 strunt

408 2516 412 2523 ’
477 2503 564 2567 Inter
579 2503 737 2587 reliquos,
752 2504 809 2588 qui
828 2522 889 2587 pro
908 2502 1053 2568 libertate
1073 2520 1123 2565 ec·
1167 2496 1297 2583 quidem
1305 2497 1394 2583 quod
1409 2502 1533 2581 attinet,
1549 2499 1603 2570 erfi
1618 2503 1840 2589 aquibusdam
1850 2507 1901 2569 in·
1924 2547 1930 2559 ι

389 2584 499 2669 clefiae
509 2588 704 2672 gallicanae,
717 2585 872 2673 simulque
885 2586 967 2654 adeo
982 2608 1040 2672 pro
1056 2589 1123 2653 iure
1166 2604 1214 2651 ter
1233 2586 1385 2652 libertatis
1401 2584 1550 2655 ecclelrae
1568 2590 1740 2677 gallicanae
1756 2589 1900 2657 defenso·

387 2696 500 2761 regum
521 2694 730 2761 pugnarunt,
757 2678 877 2741 eminet
898 2695 1050 2741 errnvs
1072 2694 1122 2739 otc
1167 2694 1215 2741 res
1227 2670 1394 2749 referaturr
1408 2693 1480 2753 eum
1490 2676 1688 2744 tamenserio
1700 2677 1733 2744 id
1747 2700 1816 2745 non
1825 2677 1900 2764 egis-

388 2782 554 2843 Manen,
577 2762 834 2846 archiepiscopus
849 2757 1048 2841 Parifienfis,
1068 2781 1120 2825 cu·
1166 2759 1214 2839 se,
1233 2756 1370 2833 constat.
1426 2758 1615 2845 Myllerium
1635 2785 1735 2830 omne
1752 2760 1900 2832 adcurate

387 2850 438 2914 ius
461 2848 701 2933 diffi'rtationrtrn
722 2850 759 2912 de
777 2848 941 2913 concordia
956 2846 1124 2929 fircerdotii
1166 2844 1294 2931 detegit,
1309 2846 1345 2912 dc
1358 2852 1491 2997 exponit
1506 2868 1558 2913 ro.
1574 2870 1640 2915 rar
1651 2872 1784 2932 cuivs,
1809 2850 1901 2919 theo·

387 2934 428 3007 <d
439 2936 577 3019 imperii,
585 2937 640 3020 fi‘tt
652 2936 688 2999 tlt
700 2934 895 3000 libertatibus
910 2933 1040 3019 ccclesiae
1050 2930 1123 3019 gal-
1164 2930 1257 3019 logus
1273 2932 1389 2999 Vlmeo
1403 2953 1431 2997 rs
1446 2930 1649 3017 clarilbnrus,
1671 2957 1769 3022 quern
1780 2936 1844 3002 hac
1858 2932 1900 3003 de

386 3018 507 3087 &anae
515 3022 588 3088 libri
595 3021 855 3103 olio,multorum
864 3036 1009 3088 teruntur
1018 3020 1122 3083 matri-
1165 3041 1198 3085 re
1211 3014 1322 3097 audire¹
1330 3019 1465 3085 iuuabit.
1510 3024 1553 3100 Is,
1568 3022 1685 3107 inquit,
1700 3019 1740 3089 de
1750 3020 1899 3090 cardina·

383 3108 456 3190 bus,
470 3129 686 3197 magnamquc
700 3108 889 3195 consequuti
904 3111 977 3176 sunt
992 3107 1121 3173 celebri·
1164 3106 1187 3171 li
1200 3103 1301 3171 hocce
1316 3105 1412 3171 verba
1432 3104 1577 3188 faciens,
1600 3109 1646 3173 nti
1655 3111 1734 3192 fiant
1746 3110 1781 3174 in
1796 3110 1900 3194 oppri-

383 3212 497 3261 tatem.
519 3194 792 3263 kdiderntrrrr.
807 3213 1120 3277 rvrrnttvsopus
1162 3192 1269 3255 mendo
1281 3188 1417 3257 Ritbcrii
1427 3192 1570 3277 dogmate
1580 3211 1663 3258 totus
1670 3198 1760 3279 fnit3
1782 3196 1900 3281 ipsani-

384 3278 426 3347 de
441 3282 636 3349 libertatibus
649 3281 781 3366 etcltfiae
786 3281 927 3366 gallicae,
943 3274 1119 3366 quodcum
1162 3280 1277 3343 mirram
1288 3274 1502 3363 aduttylffimtts
1515 3280 1723 3367 art'jlotratico
1740 3282 1898 3369 regimini,

377 3386 493 3435 ¹motus
507 3366 665 3452 quosdam
679 3368 854 3448 excitasset,
869 3388 1016 3433 orrares
1036 3384 1119 3430 oau-
1160 3366 1245 3450 qaod
1261 3364 1367 3429 dodltr
1382 3366 1430 3427 ille
1448 3367 1629 3432 Strbonictts
1643 3370 1734 3434 onice
1747 3387 1898 3434 commen-

381 3475 450 3523 rvs
470 3456 557 3537 (quo
572 3454 629 3521 sub
650 3456 784 3519 nornine
804 3454 966 3540 presbyter
985 3448 1118 3537 quidam
1160 3452 1278 3527 dabat,-
1300 3453 1347 3513 ita
1367 3466 1472 3515 tamen
1489 3453 1558 3516 alia
1576 3455 1678 3536 rurstts
1696 3477 1794 3521 mann
1813 3452 1902 3522 baud

336 3576 345 3583 -
380 3536 567 3617 Pariliensis,
584 3542 637 3606 coi
649 3559 773 3607 nornen
786 3562 808 3605 u
820 3563 837 3605 r
849 3560 988 3617 nesus,
1011 3538 1117 3603 latitat
1150 3538 1287 3625 segniter
1299 3534 1476 3621 gallicanae
1494 3538 1625 3626 ecclefiae
1651 3541 1808 3607 libertates
1823 3561 1899 3627 pro·

381 3628 430 3691 vti
445 3646 559 3693 rurs.
583 3647 755 3693 rnnrrvs
775 3626 889 3692 nullos
907 3622 972 3705 ell,
992 3624 1117 3689 dillion.
1159 3618 1291 3710 moniffe,
1306 3622 1410 3687 videri
1423 3624 1533 3687 volarit.
1577 3628 1748 3709 Nimirum,
1758 3648 1898 3692 camnort

380 3710 450 3799 hist.
463 3714 503 3782 cs
519 3716 588 3797 crit.
604 3735 673 3779 voc.
688 3717 804 3777 Marta
839 3714 966 3794 abab)
979 3708 1117 3793 descbt'fi
1151 3714 1275 3793 ferret,
1291 3708 1329 3773 ob
1342 3710 1585 3775 Ltdouicilllll
1594 3715 1729 3797 regisfiti
1742 3735 1811 3777 tum
1823 3718 1899 3778 Sne·

379 3816 466 3867 matt
478 3802 611 3865 cauendo
624 3802 739 3865 librom
749 3731 857 3879 edidlt,
873 3802 982 3884 inquo
991 3798 1116 3863 senten·
1159 3800 1223 3860 ciat
1234 3816 1301 3881 re’ge
1313 3817 1425 3881 magno
1446 3796 1590 3884 Gttjlatto,
1605 3804 1644 3869 ὅ
1659 3821 1771 3865 torona
1777 3801 1898 3882 stettica

380 3890 473 3965 tiam,
482 3909 580 3972 quant
590 3887 740 3952 nonnulli
749 3887 793 3952 ob
806 3907 879 3951 rvr
889 3906 984 3951 saur
998 3885 1115 3949 librum
1144 3884 1255 3967 fidas,
1267 3884 1353 3946 trtius
1367 3884 1567 3966 ipsetjiemmtes
1582 3886 1779 3968 &fitadrrca‘
1788 3890 1898 3951 ,tetllor

381 3976 495 4041 anirno
511 3995 744 4058 conceperant,
759 3993 861 4039 tren
872 3992 1000 4038 rrsvsr
1015 3967 1114 4035 cardi·
1148 3974 1277 4054 suerat,
1298 3970 1432 4056 indignis
1451 3974 1547 4035 modis
1569 3978 1685 4037 Romae
1696 3975 1731 4056 fi.
1747 3972 1896 4051 lacerari,

380 4062 489 4127 nalem
500 4055 534 4127 id
547 4080 648 4145 agere,
661 4079 695 4126 vt
706 4059 952 4145 patriarchatum
965 4060 1002 4123 in
1014 4078 1114 4144 regno
1157 4058 1297 4121 maxima
1315 4058 1464 4122 nimirum
1477 4060 1618 4123 inuidiae
1634 4077 1728 4144 parte
1741 4064 1775 4125 in
1788 4056 1896 4125 Richt-

382 4147 508 4215 Galb'ae
521 4150 671 4232 erigeret,
692 4144 778 4213 haud
794 4144 926 4213 obscure
945 4140 1114 4210 confirma·
1157 4142 1233 4211 litem
1247 4144 1435 4210 cardinalem
1448 4147 1594 4229 vndiqut,
1603 4164 1641 4211 vt
1648 4150 1744 4231 probe
1751 4162 1894 4226 nouerat,

380 4236 457 4315 bat,
476 4236 580 4299 immo
599 4230 734 4299 addebat
741 4278 752 4313 ‚
773 4254 928 4320 magnoin
953 4236 1059 4297 virum
1080 4234 1113 4295 in
1158 4232 1348 4297 redundante
1355 4254 1368 4309 ,·
1390 4230 1590 4297 cohibendam
1609 4236 1704 4298 minis
1719 4237 1758 4306 ὅ
1773 4235 1896 4300 conati·

379 4338 484 4406 partes
504 4320 641 4387 tradlum
664 4312 821 4405 protnilbs
841 4316 1043 4406 ingentibus,
1058 4320 1114 4405 qui
1157 4320 1214 4385 btts
1226 4316 1369 4403 animofis
1383 4318 1493 4397 tensttit
1507 4320 1613 4382 aulam
1627 4322 1837 4407 pontificiam,
1856 4338 1895 4385 nt

378 4406 502 4495 scripto
515 4404 708 4484 defenderet,
723 4428 805 4491 quae
812 4427 872 4491 pro
886 4429 921 4473 ea
936 4406 1038 4472 caulla
1047 4427 1114 4472 car·
1158 4407 1348 4489 adfttlmint
1355 4450 1367 4483 ,
1378 4404 1489 4488 proctel
1499 4408 1564 4469 iam
1577 4404 1685 4489 odensa
1692 4453 1704 4489 ,
1715 4408 1894 4494 peruenire·

380 4490 498 4561 dinalis
509 4492 650 4561 fallurus
665 4513 742 4571 erar,
757 4514 921 4559 erravit
937 4516 987 4561 or
1007 4514 1064 4559 ron
1075 4514 1114 4559 n·
1158 4509 1221 4557 tur.
1264 4496 1346 4556 Hinc
1353 4492 1441 4555 modo
1455 4494 1491 4557 de
1503 4494 1713 4559 conciliatione
1723 4494 1896 4581 praeplan-

379 4600 433 4647 ω
445 4574 533 4649 hisce
545 4583 647 4648 verbis
661 4577 836 4666 designans.
879 4580 1041 4646 inuidiam
1055 4584 1113 4646 ita·
1158 4581 1238 4643 tittrn
1250 4599 1318 4642 tum
1325 4578 1635 4645 Romano-catholicis
1648 4582 1758 4647 auelita
1771 4582 1892 4663 aliquo·

379 4686 469 4757 que,
488 4690 569 4757 quae
582 4664 706 4741 iudein
725 4667 756 4743 se
774 4663 951 4739 redundare
968 4686 1114 4755 poterat,
1157 4664 1375 4751 ramctnſslias
1392 4666 1894 4821 &ſsptntifeaobnnetennn'lrpat

472 4810 476 4821 .
1811 4774 1825 4822 l
1858 4766 1892 4821 m
