5259 5967
585 682 648 753 DE
669 679 987 751 Tl-IEOLOGIA
1009 678 1243 749 THETICA
1267 680 1361 750 SEV
1382 681 1740 754 DOGMATICA.
1864 706 1928 771 377

406 780 1923 809 mm

408 822 525 885 Fateor
544 832 660 893 terren,
687 818 732 879 ita
752 818 863 900 paucis
884 816 1056 882 interiedlir
1078 838 1147 902 per·
1192 816 1272 885 dani
1304 821 1514 901 barenorum,
1539 846 1593 889 an.
1620 844 1714 905 1704,
1736 850 1768 907 4.
1788 827 1921 909 editum,

408 906 471 991 git,
492 904 531 973 (ἔ
551 898 744 987 ledentiffime
752 906 874 987 fiteror,
912 903 1031 967 nnllam
1051 905 1148 969 totins
1191 906 1255 973 hoc
1277 910 1436 992 peculiare
1465 906 1578 989 hibet,
1639 908 1704 975 uod
1720 913 1920 1000 theologiam

408 992 513 1075 operis
542 1005 666 1073 partem
701 987 761 1054 hac
794 986 845 1075 effe
879 990 1142 1075 inrpefflilierem.
1187 995 1366 1059 naturalem
1380 994 1547 1079 separatim
1569 1019 1587 1062 a
1611 932 1774 1083 dreotogia
1797 1001 1917 1067 reuela-
2007 1010 2010 1019 '

407 1076 519 1144 Multa
535 1097 624 1141 noua
640 1072 1045 1161 quadamrationeaudlor
1067 1100 1139 1163 pro·
1187 1078 1353 1157 tetradatt
1387 1080 1579 1168 auelorque,
1616 1081 1646 1148 se
1664 1105 1861 1170 magnopere
1875 1088 1916 1151 ab

409 1165 519 1251 ponit,
540 1162 642 1227 multa
669 1166 792 1251 egregie
815 1162 972 1244 obstruat,
997 1160 1141 1250 adeoque
1185 1170 1349 1253 vtriusque
1371 1170 1509 1233 mixtura
1535 1164 1714 1241 abhorrere.
1736 1167 1916 1256 profitetur.

407 1248 548 1318 dubium
564 1271 635 1314 non
651 1248 707 1328 est,
722 1252 802 1336 quin
822 1244 1090 1336 praestantiffimis
1106 1256 1140 1317 in
1183 1260 1216 1319 A
1228 1254 1367 1318 mixtura
1384 1256 1550 1339 neriusque,
1566 1258 1673 1341 inquit
1693 1258 1727 1321 in
1748 1258 1916 1323 dedicatio-

409 1336 477 1405 hoc
509 1357 624 1489 genere
654 1335 795 1423 seriptis,
829 1334 1044 1404 institutiones
1064 1336 1139 1405 illae
1183 1362 1231 1421 ne,
1246 1343 1359 1425 incepit
1371 1340 1470 1406 theolo
1491 1340 1723 1427 iaschelestica,
1738 1345 1778 1413 (5
1792 1346 1913 1409 elriitire

408 1420 510 1491 srnta
535 1421 769 1502 numerandae,
800 1421 855 1491 etsr
875 1427 911 1490 in
932 1423 1078 1492 dodirina
1102 1423 1141 1491 de
1184 1438 1385 1505 ματανλογὶινς
1408 1450 1447 1491 ex
1466 1362 1526 1493 sior
1542 1429 1694 1513 principio
1714 1446 1822 1494 notum
1841 1434 1914 1515 fere

407 1510 558 1577 absoluto
571 1508 698 1577 decreto
714 1508 868 1598 rigidiora
897 1511 1011 1596 placita
1033 1513 1141 1598 sequa·
1184 1511 1235 1597 est,
1256 1514 1339 1595 ‹thod
1354 1515 1483 1598 qnidam
1507 1516 1638 1578 nimium
1659 1517 1833 1580 ratiociniis
1844 1519 1913 1599 fitis
1981 1520 1983 1525 ’

408 1614 475 1665 tur.
540 1598 694 1683 ABelgis
718 1595 741 1663 sr
762 1594 802 1663 ad
817 1598 987 1664 Heluetios
1002 1600 1140 1666 transea·
1182 1600 1387 1685 indulgentes,
1421 1600 1644 1685 philosophiam
1664 1604 1757 1683 stram
1776 1606 1916 1685 fecerim

408 1704 495 1765 ntus,
509 1686 695 1769 cumprimis
709 1683 740 1749 se
757 1687 850 1750 nobis
872 1683 965 1749 offert
980 1688 1028 1752 vir
1043 1687 1138 1772 longe
1172 1687 1345 1770 scripturae
1364 1689 1570 1771 interpretem,
1598 1704 1656 1751 ant
1666 1688 1779 1770 saltem
1796 1688 1913 1754 theolo-

406 1762 620 1850 eloeltffimus,
636 1773 671 1839 δε
686 1773 729 1837 ob
742 1767 1002 1856 praestantilsrma
1015 1776 1138 1859 ingenii
1174 1774 1250 1857 giee
1262 1774 1478 1847 incumbentes,
1499 1796 1537 1838 ac
1552 1771 1789 1859 philosophandi
1805 1797 1913 1840 amore

405 1876 624 1929 monumenta
657 1856 895 1939 celeberrimus,
930 1879 981 1925 ro.
1010 1880 1136 1925 naun.
1179 1860 1312 1943 abrepti,
1327 1877 1510 1946 ergnmenta
1531 1863 1675 1941 exsacris
1689 1863 1913 1946 denerataflre

407 1965 723 2024 nrroronrnvs,
747 1966 817 2010 non
832 1945 954 2011 tamob
973 1946 1137 2010 maantam
1178 1947 1391 2031 neglexerint,·
1431 1967 1561 2032 quornm
1578 1967 1706 2011 acumen
1728 1948 1853 2013 tandem
1875 1950 1913 2013 ire

406 2032 580 2119 theologiae
593 2030 788 2117 christianae,
802 2052 885 2119 quae
898 2032 1010 2117 Tiguri
1040 2035 1134 2113 1696,
1168 2033 1561 2118 ftegillationemſstcrarrnn
1575 2033 1750 2099 litterarum
1764 2035 1850 2113 exiit,
1871 2034 1912 2106 ὅ

406 2140 442 2205 4.
472 2115 607 2205 prodiit,
642 2140 740 2204 quarn
762 2120 805 2183 ob
837 2136 947 2201 corpor
966 2117 1136 2203 theologiae
1177 2136 1372 2185 contemtum.
1417 2118 1636 2186 Commendat
1651 2120 1680 2185 se
1695 2119 1822 2206 insuper
1844 2120 1911 2187 hoc

405 2206 604 2292 chrssianae,
623 2204 769 2270 exhibens
786 2204 958 2272 doiirinont
982 2206 1134 2285 veritatis,
1178 2205 1410 2291 compendium
1424 2202 1911 2295 breuitate,stiliperlpicuitate,

406 2292 660 2381 quaeserundetm
672 2291 823 2375 pietatem
847 2289 897 2376 est,
917 2311 1043 2375 eamque
1064 2312 1134 2355 con·
1177 2291 1325 2378 facilique
1339 2288 1451 2358 ordine
1465 2315 1502 2359 ae
1518 2290 1688 2359 methodo.
1738 2295 1818 2359 Non
1835 2294 1908 2359 satit

404 2399 463 2447 tra
476 2379 665 2461 aduersarios
676 2398 879 2461 quoscunque,
893 2393 1016 2443 ¹tereres
1030 2379 1069 2449 ὅ
1080 2399 1133 2441 no·
1178 2397 1286 2445 tamen
1293 2399 1413 2464 aequus
1421 2376 1666 2464 estruelorerga
1677 2378 1804 2446 nostrae
1812 2382 1911 2447 eccle·
2013 2396 2016 2403 ’

406 2488 475 2546 ttot,
492 2464 541 2531 oei
548 2466 794 2550 infrendamento
802 2464 891 2551 fidei,
908 2464 957 2527 nel
966 2464 1047 2527 circa
1059 2463 1138 2528 illud
1178 2462 1236 2532 stae
1252 2462 1417 2541 dodloresr
1440 2463 1524 2531 vnde
1537 2485 1739 2531 ornaret
1749 2487 1777 2531 nr
1788 2487 1841 2531 aar
1852 2486 1909 2533 no

406 2569 560 2630 errantes,
588 2553 634 2615 ita
654 2551 804 2633 edfi’rent,
835 2567 869 2614 rt
879 2549 976 2633 semul
990 2549 1135 2637 historiae
1178 2567 1272 2617 enata
1287 2550 1411 2618 occasio
1427 2548 1541 2619 edendi
1555 2553 1804 2615 exercitationem
1819 2554 1906 2616 enti-

406 2636 611 2725 eeciest‘esticae
628 2638 736 2703 veteris
751 2639 789 2707 ὅ
803 2638 878 2701 noeti
889 2635 1134 2723 testamenticon·
1182 2638 1359 2717 lillianam,
1381 2658 1443 2722 qna
1464 2637 1640 2701 innocentia
1660 2636 1910 2705 Letherattorttttt

406 2728 509 2793 tineat
527 2738 693 2806 tardema,
718 2724 853 2807 adeoque
870 2721 918 2805 fit·
937 2720 1135 2807 plenifflrnttm
1176 2725 1218 2787 ab
1232 2726 1384 2807 impetrato
1400 2722 1469 2808 ipsis
1487 2745 1509 2788 a
1529 2724 1690 2789 Salomone
1709 2744 1775 2789 van
1794 2724 1850 2805 Til,
1873 2726 1908 2790 itt

404 2812 507 2881 theodo
526 2812 576 2874 iae
599 2809 779 2889 dideiiieae,
798 2807 989 2890 tlencbticae,
1007 2808 1136 2873 moralis
1176 2808 1345 2895 theologiae
1356 2810 1541 2893 compendio,
1563 2811 1702 2887 crimine,
1716 2812 1800 2896 quod
1820 2831 1923 2875 reter-

405 2830 769 2984 &hissoriraesrssernu
790 2891 878 2982 quod
901 2890 1134 2981 pollentioris
1178 2896 1308 2961 latiores
1327 2896 1443 2960 rationi
1467 2898 1724 2966 contradiderint
1746 2896 1905 2981 statuant,

405 2986 536 3055 obitum
561 2978 674 3049 itidem
700 2983 811 3067 'siguri
833 3003 886 3047 an.
913 3001 996 3062 1700
1016 2982 1133 3045 duobus
1175 2982 1369 3061 vindicatur,
1382 2981 1560 3065 exoppostro
1574 3003 1655 3062 otro,
1668 2983 1752 3066 qued
1762 2982 1907 3068 buiusſsc

404 3072 500 3139 tomis
518 3074 557 3137 in
573 3068 653 3152 folio
675 3067 780 3134 lucem
803 3065 944 3155 adspexit
956 3067 1132 3153 publicam,
1174 3070 1258 3133 diua
1269 3067 1367 3133 theolo
1387 3067 1420 3130 ia
1435 3068 1583 3148 reuelato,
1596 3072 1697 3135 rediet
1711 3068 1831 3132 rationi
1835 3089 1908 3134 con·

404 3158 501 3227 nobis
532 3151 847 3221 commemorandus.
911 3156 1004 3239 Opus
1033 3151 1134 3219 hocce
1175 3154 1322 3232 traditor,
1338 3086 1519 3239 adorditur,
1541 3152 1739 3220 Francosurti
1757 3172 1852 3236 1707,
1870 3171 1905 3237 4.

403 3240 586 3319 omnifelse
607 3238 794 3308 eruditionis
821 3261 937 3327 genere
971 3238 1132 3320 refertum,
1175 3236 1331 3305 Eamdem
1350 3240 1423 3319 fere,
1444 3261 1506 3325 qua
1522 3260 1720 3306 §atomon
1742 3260 1812 3305 ven
1833 3260 1905 3309 rtt.

402 3323 728 3423 persedliss'tmumque
743 3327 911 3412 specimen,
933 3322 1023 3411 quod
1038 3323 1133 3392 doce·
1174 3326 1246 3391 rsus
1262 3322 1315 3406 est,
1328 3324 1525 3413 theologiam
1533 3324 1747 3412 dogmaticam
1763 3324 1904 3393 treblan-

403 3440 449 3503 at,
470 3439 538 3505 quo
552 3414 647 3504 pasto
661 3415 773 3481 theolo
797 3414 827 3479 ia
847 3410 890 3478 do
911 3414 1040 3491 matina,
1059 3410 1133 3476 soli·
1177 3411 1385 3478 ditationem
1405 3412 1545 3497 sequitur
1567 3433 1675 3477 roco
1696 3431 1797 3479 rraro
1820 3430 1906 3481 vtrt

402 3504 445 3577 de
456 3526 495 3571 ac
507 3504 675 3591 eleganter,
688 3496 752 3565 stne
775 3434 881 3566 ichola
909 3501 1033 3564 'corum
1071 3498 1134 3560 uie·
1177 3520 1261 3565 orn
1281 3499 1906 3584 nourrtr,excuiusquippecontenen-

403 3592 524 3683 qniliis,
537 3586 664 3655 trastari
678 3600 784 3673 queat,
799 3606 910 3666 nemo,
926 3585 981 3671 qni
995 3518 1075 3649 illud
1089 3583 1134 3648 le-
1174 3585 1257 3649 tario
1270 3584 1307 3647 ele
1320 3585 1399 3647 reris
1409 3585 1468 3647 Dei
1477 3584 1552 3665 viis,
1570 3582 1755 3669 theologiam
1770 3601 1906 3649 notura·

405 3680 498 3770 gerit,
513 3671 715 3747 diffitebitum
738 3674 918 3757 meritoque
938 3666 1020 3737 adeo
1042 3690 1133 3735 eom·
1176 3670 1235 3735 lem
1249 3671 1288 3740 ὅ
1300 3668 1468 3733 reuelatem
1485 3688 1544 3754 prr
1560 3668 1748 3754 aphorffmoe
1768 3669 1905 3735 delinee-

406 3759 639 3843 mendandum,
662 3756 685 3826 fi
712 3781 731 3824 a
752 3757 913 3824 sententiis
936 3756 1131 3843 placitisque,
1174 3774 1241 3821 tam
1254 3752 1397 3821 exhibuit
1410 3773 1480 3821 tre.
1495 3776 1764 3837 vnnnvnotve,
1780 3752 1906 3823 amste-

404 3850 596 3921 reformatae
624 3840 766 3913 ecclefiae
795 3846 949 3929 propriis,
984 3839 1129 3908 discedas.
1173 3840 1296 3907 lodami
1313 3860 1406 3922 1715,
1426 3861 1477 3908 ra.
1541 3841 1672 3908 lnlibro
1692 3843 1779 3907 enirn
1796 3841 1903 3928 primo

405 3935 569 4007 Methodo
585 3930 733 4018 equidem
747 3927 896 3995 foederali
917 3950 985 3995 non
999 3924 1131 4003 incedit3
1174 3926 1213 3995 de
1228 3948 1334 3994 return
1352 3928 1478 3993 essentia
1491 3944 1588 4013 atque
1606 3924 1781 4008 existentia,
1803 3926 1904 4079 inse·

430 4048 488 4095 uae
508 4041 615 4090 tamen
641 4015 680 4085 de
706 4012 884 4083 toederibus
910 4013 1026 4081 diuinis
1052 4013 1132 4079 scitu
1174 4015 1270 4078 conlo
1285 4008 1462 4095 deoffieiis,
1479 4015 1620 4079 intortio
1635 4011 1820 4099 depeceato
1863 4032 1904 4080 o·

404 4122 479 4183 lunt
489 4106 670 4184 necessaria,
685 4103 745 4170 suit
758 4104 915 4187 quaelibet
931 4102 1010 4167 locis
1034 4096 1131 4166 adcu-
1174 4102 1331 4182 minante,
1346 4102 1502 4186 inquerto
1517 4096 1557 4167 de
1569 4102 1701 4167 criteriit
1716 4096 1902 4168 diuinaete-

404 4194 474 4269 r'ate
488 4199 525 4267 dt
539 4194 702 4281 diligenter
714 4188 818 4257 tradit.
863 4184 1027 4273 lldBelgas
1041 4204 1131 4251 vtre-
1174 4188 1360 4268 uelationis,
1376 4189 1413 4253 in
1426 4187 1533 4272 quinto
1548 4182 1589 4253 de
1602 4184 1711 4252 diuina
1725 4185 1902 4253 bibliorum

406 4304 582 4360 uertamur,
618 4300 687 4343 non
707 4272 1006 4362 praetermittendus
1035 4273 1130 4340 nobis
1174 4276 1297 4359 origine
1312 4275 1347 4341 &
1360 4273 1561 4352 austoritate,
1574 4268 1702 4352 disserit,
1719 4272 1754 4340 δι
1767 4268 1902 4339 tumde·

406 4372 453 4443 est
477 4385 678 4439 senonen
700 4383 779 4429 van
802 4384 880 4442 rrr,
903 4364 992 4427 cuius
1016 4359 1131 4425 theolo-
1176 4364 1273 4445 nique
1289 4361 1325 4425 in
1339 4361 1427 4442 sexto
1447 4357 1487 4426 ad
1506 4356 1704 4446 theologiam
1724 4358 1901 4425 reuelatam

399 4462 476 4549 giae
488 4457 644 4537 neriusque
660 4450 869 4534 compendium
881 4469 949 4513 enen
967 4445 1134 4527 natttralit,
1178 4442 1388 4535 progreditur.
1443 4447 1524 4534 'Nec
1538 4442 1835 4529 praetermittendus
1849 4440 1905 4509 hic

407 4564 476 4611 teror
492 4541 654 4617 reuelante,
669 4556 811 4599 rnecnm
824 4534 997 4618 repentia,
1012 4535 1050 4598 ele
1071 4532 1135 4597 ori·
1179 4532 1224 4602 est
1238 4538 1384 4600 nrt'nnn.
1406 4552 1619 4610 eterrrvs,
1642 4529 1810 4619 theologus
1834 4528 1900 4597 Ge·

396 4633 475 4725 gine
489 4620 868 4713 controeeerstarumnostri
884 4622 1037 4709 temporis,
1051 4621 1135 4709 Lug·
1178 4616 1320 4692 neuensrs
1336 4618 1433 4707 longe
1445 4613 1640 4702 clariffitnus,
1653 4619 1709 4707 qui
1721 4619 1830 4717 lingua
1836 4615 1904 4702 gal-

516 4732 598 4791 orn.
618 4728 773 4779 rteooor.
1288 4705 1312 4771 B
1326 4706 1346 4772 b
1361 4705 1382 4772 b
1798 4704 1906 4771 lreana
