5259 5967
778 686 849 757 uu
884 644 1212 757 imoioou
1234 694 1562 765 rnrnrsrrcn.
1871 722 1932 790 5¹5

530 794 1923 833 mm

531 859 587 905 um
602 836 738 907 dehisce
758 837 906 926 deinceps
926 838 1030 909 adhuc
1059 844 1154 908 nobis
1197 855 1308 907 tamen
1323 836 1517 928 deincepsex
1530 841 1676 910 inlliruto
1693 866 1795 933 agere,
1803 850 1929 919 animus

530 924 669 995 iacienda
684 924 812 1009 luerint,
826 925 926 995 hocce
945 950 1033 997 nune
1050 930 1154 1015 super·
1197 926 1251 997 est.
1273 932 1399 1014 Magno
1412 950 1601 997 autemcum
1611 931 1818 1017 apudonrnes
1832 934 1930 1005 haec·

552 1013 719 1102 possumus
749 1015 871 1085 labore.
935 1017 1155 1099 Qantumuis
1199 1034 1437 1087 cenauuanr
1460 1017 1573 1107 scripta
1589 1014 1650 1086 fint
1662 1023 1698 1085 in
1718 1024 1841 1105 pretio,
1863 1025 1931 1094 lau·

530 1099 634 1188 ‚apud
654 1123 710 1170 eos
723 1100 914 1173 reformatae
934 1101 1080 1175 ecclefiae
1094 1099 1155 1174 do·
1199 1100 1345 1173 dandum
1370 1101 1552 1175 institutum
1586 1108 1647 1177 viri
1672 1103 1842 1179 doslillimi
1864 1132 1933 1179 cn·

531 1236 541 1271 ,
564 1191 621 1276 qui
640 1190 868 1277 episcopalium
888 1190 1095 1283 placita'non
1111 1189 1158 1259 se·
1200 1211 1298 1263 nour
1322 1212 1595 1263 norrornrur
1611 1214 1932 1281 incrusurum,

530 1298 579 1357 ur,
594 1296 685 1344 tanta
698 1294 826 1365 patrum
841 1299 911 1346 non
926 1276 964 1351 st
976 1280 1156 1363 veneratio,
1200 1276 1278 1349 dum
1290 1278 1429 1351 iunslim
1442 1302 1478 1348 ea
1493 1277 1584 1347 edere
1597 1280 1703 1352 secum
1717 1280 1934 1367 decreuit‚id·

537 1360 624 1451 apud
638 1361 719 1441 hose
732 1386 801 1433 non
814 1370 943 1435 minora
958 1385 1067 1435 tamen
1081 1367 1156 1435 illo·
1199 1387 1261 1458 que
1273 1386 1387 1435 ornnes
1402 1364 1596 1451 condecuit,
1626 1371 1661 1435 in
1684 1369 1874 1439 adlocutione
1890 1373 1936 1442 ad

530 1454 584 1519 'unt
599 1454 634 1517 in
649 1448 847 1541 theologiam
859 1451 1054 1544 patristicam
1061 1455 1157 1523 meri·
1198 1454 1333 1525 eruditos
1347 1453 1509 1545 epistolica,
1520 1454 1659 1543 quaipfis
1672 1456 1866 1543 confilimde
1878 1480 1940 1527 m·

530 1537 655 1625 quidem
666 1542 727 1605 viri
741 1542 824 1609 inter
835 1562 890 1609 eos
899 1538 1084 1611 exstiterunt
1098 1562 1156 1611 an·
1196 1560 1372 1635 ascoperam
1379 1542 1507 1607 Ioannis
1518 1542 1643 1609 Dalsaei
1656 1543 1787 1611 editione
1798 1548 1935 1635 exponit,

530 1628 580 1695 uis
609 1623 829 1697 ecclesiastieae
854 1629 950 1716 longe
968 1622 1156 1718 peritissimi.
1200 1650 1296 1719 eaque
1307 1649 1379 1694 occa
1400 1629 1557 1697 onevariae
1569 1630 1609 1697 de
1619 1628 1755 1719 theologo
1768 1630 1823 1719 iste
1837 1636 1936 1724 affor.

540 1712 691 1785 ultimum
703 1716 787 1781 inter
799 1736 854 1783 eos
861 1716 972 1785 locum
986 1733 1072 1785 tenet
1087 1736 1158 1786 nit·
1201 1733 1288 1787 mm
1299 1715 1360 1785 cele
1380 1718 1493 1783 mimo
1508 1716 1633 1807 eiusque
1642 1719 1771 1808 scripn's
1783 1740 1935 1789 corrm-

530 1820 556 1871 ιε
576 1804 835 1889 nivervensi
857 1800 1001 1872 suamrle
1057 1804 1159 1874 tribue
1201 1820 1309 1885 tatere
1330 1800 1617 1891 Budill'ae1721.4.
1685 1806 1937 1896 Iniquasroma·

530 1891 618 1956 itiam
630 1884 798 1970 edisseruit,
813 1890 994 1959 inruerint
1051 1893 1159 1959 aiio·
1202 1888 1402 1963 neusiuma'n
1429 1889 1555 1961 huncce
1579 1894 1686 1961 virum
1716 1890 1935 1965 doililfimunr

539 1992 669 2065 patrum
684 1996 822 2043 errorum
835 1974 951 2065 cauffis,
966 1980 1006 2049 ω’
1016 1994 1161 2045 notorum
1201 1978 1357 2064 censuras,
1373 1980 1491 2064 pariter
1505 1975 1647 2061 adusta,
1662 1979 1778 2065 quibus
1794 1981 1848 2051 alii
1861 2002 1936 2049 eum

530 2060 667 2133 eiusdem
676 2064 779 2129 critico
782 2064 872 2150 fitero
880 2065 1059 2155 praemilloe
1065 2068 1159 2135 item·
1202 2066 1388 2159 prosequuti
1402 2066 1487 2145 sunt,
1502 2066 1617 2156 elogia,
1630 2066 1755 2159 aliaque
1775 2088 1936 2139 memora·

530 2147 698 2219 tcarholico
710 2149 891 2228 orthodoxo,
907 2154 1031 2221 rubii.
1046 2150 1159 2241 quani.
1202 2173 1238 2224 tu
1254 2151 1362 2247 digna,
1369 2151 1409 2221 de
1421 2150 1522 2221 eohic
1530 2153 1633 2239 legere
1639 2154 1725 2221 licet.
1792 2174 1938 2225 unuin·

531 2239 661 2325 miqq.
705 2238 814 2325 Atque
828 2240 864 2304 in
875 2238 944 2327 ipso
954 2236 1054 2311 hoece
1062 2241 1158 2321 libro,-
1203 2264 1266 2315 ris
1287 2260 1502 2317 euaserunt
1526 2238 1734 2331 panstratiam
1752 2241 1937 2313 catholicam

546 2324 729 2391 catholicum
762 2322 965 2393 orthodoxum
991 2323 1159 2420 inscripsit,
1202 2331 1295 2420 supra
1310 2323 1460 2415 equidem
1472 2330 1539 2393 iam
1558 2324 1762 2396 [audiuimus
1769 2374 1781 2411 ‚
1797 2352 1872 2397 eum
1886 2329 1937 2421 sy·

530 2460 543 2479 ,.
577 2432 715 2481 inriti
744 2410 921 2495 catechismo
947 2412 1161 2505 controuerso·
1202 2416 1335 2488 ilemata
1363 2411 1546 2501 theologica
1571 2412 1762 2482 reformatae
1789 2413 1938 2487 ecclesiae

530 2497 674 2655 pposito,
690 2501 745 2585 qui
757 2501 936 2566 tomotertio
947 2521 1070 2589 operum
1083 2504 1161 2579 eius,
1204 2502 1380 2575 doiiotum
1394 2499 1641 2578 recenseremus
1663 2496 1704 2566 ad
1718 2502 1771 2570 lib.
1780 2507 1822 2570 11.
1835 2521 1901 2590 up.
1908 2505 1938 2571 1.

531 2610 555 2654 o
576 2588 642 2653 ami
659 2591 743 2657 1660
756 2584 855 2671 edito,
876 2586 982 2671 exstat,
995 2586 1162 2659 dumcou·
1205 2602 1289 2674 Μ.
1326 2610 1397 2657 non
1417 2591 1526 2655 minus
1542 2604 1653 2657 tamen
1675 2588 1709 2656 ἀ
1724 2586 1777 2655 hie
1792 2609 1938 2659 comme·

531 2673 694 2741 manenser
708 2668 859 2758 disputat,
874 2673 964 2767 saepe
977 2690 1161 2767 patrumte·
1204 2672 1363 2747 morando
1376 2677 1476 2756 venit,
1497 2694 1555 2751 eo,
1572 2672 1662 2763 quod
1681 2676 1716 2741 in
1736 2675 1938 2763 colligendis,

530 2765 583 2831 nia
594 2758 744 2831 adcurate
757 2756 910 2833 vindicat.
973 2764 1093 2835 Nescio
1106 2782 1162 2829 au·
1204 2758 1940 2856 pariterrevindicandiepatrumtellimoniia,

537 2871 579 2918 an
602 2848 685 2917 vllus
703 2848 787 2916 inter
813 2844 1003 2922 reformatae
1018 2846 1163 2920 ecelesiae
1204 2852 1381 2921 maximam
1406 2845 1605 2935 diligentiam
1641 2850 1767 2936 posuit,
1782 2847 1883 2933 adeo,
1904 2864 1943 2917 vt

530 2958 583 3004 »ree
597 2937 634 3001 in
648 2930 750 3001 hocce
770 2931 937 3005 desirinae
979 2956 1072 3005 enere
1086 2954 1162 3003 cunt
1203 2934 1378 3029 quemdam
1391 2934 1480 3002 velut
1495 2933 1678 3003 thesaurum
1691 2933 1940 3025 theologiaepa·

531 3042 691 3092 turino
707 3020 944 3110 comparandus
970 3028 1014 3092 rt?
1036 3024 1065 3092 Is
1081 3024 1162 3091 inte·
1204 3022 1342 3095 t'rillieae
1354 3022 1409 3090 hic
1428 3021 1609 3113 conspicere
1622 3022 1726 3091 liceat.
1769 3024 1840 3088 Fuit
1859 3042 1939 3092 vero

539 3107 687 3198 equidem
695 3105 876 3203 theologiae
888 3108 1064 3201 patristicae
1071 3105 1160 3199 sylle-
1206 3115 1242 3181 δι
1256 3110 1325 3178 aliis
1339 3104 1481 3177 eiusdem
1497 3104 1644 3179 eeclesiae
1663 3106 1871 3192 melotibus,
1886 3130 1940 3177 ae·

530 3220 566 3266 m
578 3195 736 3271 consociis
758 3200 930 3284 praecipua
942 3216 1053 3270 tamen
1065 3216 1163 3286 quae·
1205 3218 1269 3290 que
1282 3216 1319 3265 ac
1332 3194 1459 3275 nostrie,
1472 3193 1773 3349 inmoregofirum,
1787 3194 1941 3267 vtinelre·

530 3289 585 3355 :ius
603 3300 789 3383 argumenta
807 3282 939 3390 seorsim
953 3306 1070 3386 magna
1091 3280 1163 3353 dili·
1205 3284 1335 3373 ologiae
1348 3280 1550 3377 dogmatiete
1561 3299 1610 3352 tra
1644 3286 1753 3353 atione
1774 3281 1945 3353 doetrinae

530 3366 1164 3547 &mnertmiauptaaz
1206 3363 1941 3557 :taiiittaitnltnrtlin

541 3548 614 3615 libri
619 3548 753 3631 ftptone
765 3545 803 3609 de
808 3547 1027 3630 sacramentali
1030 3549 1095 3629 sine
1107 3563 1165 3609 au·
1207 3563 1336 3635 patrum
1349 3540 1533 3614 tellimonra
1553 3540 1779 3628 adiungerent,
1799 3542 1942 3631 quod'&

530 3636 560 3701 ri
589 3635 771 3700 Latinorum
797 3630 967 3719 conflffione
991 3632 1165 3721 disputatio,
1208 3632 1376 3705 recentiori
1385 3646 1489 3698 aetate
1502 3648 1521 3693 a
1536 3650 1778 3698 rrurnrcro
1806 3650 1943 3697 urere·

530 3744 583 3792 ans
601 3722 688 3787 libris
703 3736 860 3807 quatuor3
882 3720 1024 3806 aduersas
1036 3718 1166 3785 Latino·
1206 3740 1259 3792 το
1263 3764 1277 3804 ,
1300 3718 1336 3787 in
1348 3714 1503 3803 theologia
1516 3714 1944 3802 christianacffscientiasasn-

530 3812 559 3879 ir
575 3809 673 3873 custus
692 3806 820 3893 religios
831 3808 947 3875 obieiio
967 3806 1171 3874 traditionem
1211 3810 1271 3890 tis,
1291 3804 1402 3897 gallice
1420 3804 1460 3873 ab
1478 3824 1518 3871 eo
1538 3802 1667 3889 scripta,
1681 3802 1734 3871 sed
1748 3808 1783 3872 in
1795 3804 1942 3891 linguam

530 3888 1026 3985 ’atio,conllanslibrisquinque;
1047 3892 1170 3960 dedico·
1211 3892 1561 3985 quoquesertnanicam
1575 3890 1738 3972 translata,
1759 3884 1943 3977 Lipsiaeque

530 3982 732 4049 ainornm
740 3983 879 4049 ruilione
878 3982 1091 4065 sacramentis,
1099 4000 1170 4046 con·
1216 3999 1298 4065 17²³
1334 3977 1461 4047 duobus
1484 3979 1581 4047 tomis
1596 3980 1633 4044 in
1650 3994 1684 4061 4.
1699 3975 1795 4056 edita,
1808 3976 1947 4056 loeium,-

529 4073 614 4136 tione
626 4070 806 4141 &extrema
816 4072 973 4150 viriliani,
986 4068 1170 4153 disputative
1213 4069 1318 4156 supra,
1329 4063 1370 4135 ad
1382 4065 1435 4132 lib.
1445 4068 1486 4131 11.
1502 4067 1726 4151 cap.1.§.XV.
1760 4061 1944 4129 obseruaui-

532 4158 616 4226 otius
625 4154 855 4246 disputationes
863 4155 955 4240 duae,
964 4154 1172 4246 quarumpri·
1214 4175 1298 4236 mus,
1311 4154 1367 4221 vbi
1379 4150 1491 4220 iamtle
1503 4150 1604 4219 hocce
1617 4170 1715 4238 opere
1727 4152 1859 4250 egistius.
1880 4150 1944 4216 Ex·

532 4244 693 4327 tionibus,
714 4246 813 4311 altera
836 4242 962 4312 duobus
978 4241 1171 4319 absoluitur3
1213 4240 1357 4313 lliterunt
1373 4256 1480 4308 autem
1493 4239 1651 4317 intereos,
1665 4238 1720 4323 qui
1731 4233 1943 4304 &cumsim-

530 4333 612 4403 ttniis
627 4333 666 4403 (ἔ
678 4331 907 4419 quadragefima
921 4330 1018 4413 libere
1041 4330 1078 4394 dc
1091 4328 1172 4393 ima·
1213 4347 1250 4400 to
1259 4326 1323 4396 hoe
1335 4342 1474 4415 agerent,
1487 4326 1662 4415 quosinter
1672 4323 1944 4392 velmaximelau·

530 4442 578 4503 us,
591 4419 666 4485 libri
678 4435 822 4505 quatuor,
838 4420 874 4487 ἀ
884 4418 959 4487 alia.
1003 4418 1091 4484 Inter
1098 4416 1170 4482 reli·
1213 4413 1337 4484 danius
1360 4433 1549 4483 rorum
1560 4431 1641 4477 srvs
1656 4433 1677 4480 i
1692 4432 1828 4492 consu,
1844 4413 1881 4477 in
1894 4411 1945 4477 in·

530 4526 630 4577 tutem
645 4508 713 4573 eius
726 4505 839 4593 scripta
846 4506 1036 4575 eminentde
1047 4505 1104 4587 vsu
1111 4522 1171 4589 pe·
1203 4500 1426 4595 similioribus
1444 4498 1773 4587 historico-theologicis
1787 4498 1823 4562 de
1833 4496 1947 4564 desiri-

530 4596 589 4678 ,ad
593 4616 630 4659 ea
637 4592 806 4682 definienda
812 4593 966 4681 religionis
972 4594 1174 4677 rapiamque
1213 4614 1256 4659 na
1269 4588 1436 4675 christiana
1452 4592 1489 4657 εἴ
1502 4588 1590 4651 uario
1608 4606 1709 4649 rernm
1707 4584 1804 4672 Jlatu,
1812 4585 1949 4668 ortisque

530 4682 818 4766 iodircontrouerfir,
827 4680 900 4748 libri
912 4680 972 4747 duo
978 4704 992 4763 5
1003 4677 1043 4751 de
1056 4680 1172 4766 quibui
1213 4677 1371 4747 erroribus
1372 4678 1424 4829 T&
1438 4674 1645 4759 controuersiis
1649 4719 1662 4757 ,
1676 4674 1740 4739 iam
1753 4673 1824 4737 inde
1835 4692 1856 4736 a
1869 4687 1946 4821 εἴη·

1412 4778 1495 4828 tt2
1819 4775 1892 4844 port
1911 4772 1950 4819 us
