5259 5967
556 720 623 785 490
819 696 957 766 LIBRI
986 692 1324 764 POSTERIORIS
1355 690 1524 759 CAPVT
1547 688 1786 758 TERTIVM

558 810 1349 829 ........................-.-....
1368 792 2056 815 ......-,,.-..........-.

545 840 678 919 scientie
697 840 732 902 in
750 836 904 924 plerisque
922 840 961 903 ele
1002 848 1126 915 eretur,
1145 840 1287 922 fenerem
1328 836 1409 902 lium
1424 834 1564 901 lectione
1582 832 1740 913 versatos,
1772 828 2054 913 historiarumque,

554 926 763 1009 eloquentiam
782 926 816 989 in
829 946 935 991 nonme
954 928 982 990 is
991 926 1113 1012 fnestra
1137 946 1287 1011 quaeres,
1332 944 1412 1007 quae
1433 920 1507 987 inde
1530 916 1685 1006 petendae
1706 935 1809 996 erant,
1833 918 1869 985 &
1887 918 2064 1002 antiquita·

549 1012 760 1096 fiOrigenesn‚
779 1012 1008 1099 Hieronymum,
1022 1016 1062 1083 Θ*
1081 1010 1289 1096 Epiphaniam
1333 1013 1390 1089 tis,
1405 1012 1539 1074 minime
1554 1004 1647 1073 rudes
1667 1004 1766 1085 fuisse,
1785 1002 1966 1091 dignosque
1986 999 2061 1069 adeo

558 1102 703 1181 excipies.
724 1098 885 1163 rixetlirem
898 1102 980 1164 inter
993 1100 1068 1184 ipses
1089 1099 1216 1163 halieliis
1237 1096 1288 1161 lie-
1333 1099 1382 1161 vel
1396 1094 1458 1160 hoc
1482 1096 1626 1173 nomine,
1661 1094 1717 1179 qui
1738 1092 1778 1159 ab
1793 1088 1972 1157 omnibusl
2012 1108 2061 1153 an·

558 1184 961 1272 breicaelingraegnarum.
1005 1186 1289 1250 Declnmeneinter-
1334 1201 1394 1248 tur.
1463 1184 1685 1265 Poteratquea
1716 1198 1899 1245 cstrxro
1930 1178 1983 1243 lau
2025 1176 2059 1239 tis

559 1273 652 1349 dum,-
674 1271 753 1335 alibi
778 1292 896 1356 parurn
934 1275 1014 1338 nelle
1045 1274 1290 1346 ratiocinantem
1336 1272 1523 1353 cumprimis
1551 1265 1654 1333 adhuc
1681 1288 1717 1333 ex
1737 1268 1858 1351 graecis
1878 1282 2058 1331 rurono

559 1357 927 1444 apocryphisqueneloqtee
938 1374 1082 1435 veantur,
1095 1359 1291 1443 eleqnepec-
1334 1377 1474 1435 servs,
1490 1377 1526 1420 tx
1540 1356 1644 1420 latinis
1659 1372 1767 1419 autem
1789 1370 1901 1417 sacr
1911 1372 1964 1417 nn
1974 1369 2057 1415 rsus

562 1461 647 1523 cent,
661 1464 742 1529 quee
754 1446 941 1529 temporibus
956 1443 1031 1532 tflis,
1045 1448 1128 1509 acin
1140 1459 1228 1508 rento
1244 1442 1290 1507 let-
1333 1462 1430 1528 atque
1463 1462 1765 1520 urrtonrravs,
1807 1435 1894 1504 addi.
1962 1436 2057 1516 Haec,

563 1532 648 1597 enine
659 1532 862 1615 scientiarum
908 1533 947 1602 ὅ
969 1534 1088 1595 artium
1114 1533 1148 1595 in
1168 1530 1291 1597 hornim
1332 1550 1415 1615 quae
1429 1526 1582 1609 diximus,
1604 1546 1704 1613 patres
1727 1522 1887 1612 quosdam
1918 1522 2056 1589 historia·

560 1618 784 1703 philologum
805 1638 868 1681 non
879 1620 988 1701 feres,
1026 1633 1084 1681 aest
1095 1617 1208 1701 seirent
1226 1635 1288 1681 non
1332 1638 1405 1681 rum
1420 1612 1666 1701 &antiquitatis
1692 1616 1827 1679 minime
1850 1608 1945 1677 rudes
1964 1608 2056 1691 suiss'e,

562 1705 688 1783 laudes5
711 1700 751 1769 de
764 1706 954 1789 ingeniorum
969 1705 1179 1769 moderatione
1193 1706 1227 1768 in
1247 1725 1295 1767 re·
1338 1704 1505 1787 intelliget,
1527 1706 1582 1787 qui
1605 1702 1654 1766 vel
1673 1704 1801 1765 vnicam
1823 1718 2004 1787 serrant
2020 1696 2057 1760 ed

565 1790 838 1877 ligionisnegosio,
857 1791 911 1856 lib.
933 1795 993 1858 III.
1016 1812 1042 1858 c.
1067 1794 1153 1858 XVI.
1172 1810 1206 1875 p.
1218 1810 1295 1875 545.
1340 1794 1471 1853 Graecos
1484 1791 1653 1854 orationem
1674 1788 1850 1855 euoluerit:
1884 1784 2056 1869 praesertim

565 1880 674 1961 Atque
683 1872 761 1943 hinc
773 1876 863 1943 facile
881 1878 1081 1964 intelligitur,
1123 1886 1294 1964 quousque
1339 1873 1545 1944 sinrcossr
1567 1897 1615 1942 tn
1638 1894 1807 1941 noviter
1825 1872 2056 1938 obseruationes

565 1960 819 2043 admittendum,
839 1962 971 2049 quando
998 1984 1293 2045 nrasonrnvs,
1337 1960 1490 2041 conferat,
1505 1958 2057 2047 inedpeeetueelbililiotbecemnu·

566 2048 731 2135 inepistola
744 2052 789 2115 eei
800 2054 964 2136 llegnurn,
971 2072 1052 2136 quae
1067 2049 1110 2118 est
1122 2052 1295 2116 LIIXIIIII.
1337 2052 1455 2114 ximetm
1470 2068 1604 2114 veterum
1615 2067 1751 2133 parerem,
1766 2046 1876 2131 differt.
1894 2050 1932 2111 I'.
1946 2066 1970 2110 c.
1984 2050 2023 2109 II.
2027 2062 2056 2127 p.

496 2156 501 2163 ·
563 2156 598 2221 p.
613 2138 674 2218 syr.
689 2134 847 2203 recensitis
859 2139 1005 2223 plurimis
1017 2141 1129 2205 veteris
1147 2132 1293 2203 ecclesiae
1329 2156 1391 2218 51.
1398 2138 1481 2220 seqq.
1524 2137 1651 2202 iuuabit
1666 2138 1708 2202 ibi
1723 2136 1838 2221 legisse,
1859 2154 1943 2217 quae
1967 2134 2056 2216 §.Vl

567 2221 942 2308 dodoribusnnqteilnet,
954 2226 1072 2310 inquit,
1088 2223 1295 2309 nesciaeqeil
1338 2156 1514 2289 desirium
1543 2224 1801 2289 &scientiarum
1827 2219 2054 2295 intrenter'tbus,

562 2312 702 2395 prensum
714 2310 871 2376 admirari
880 2311 999 2394 debeas,
1014 2314 1215 2376 eruditionem
1225 2311 1294 2392 fiee·
1337 2308 1377 2377 de
1397 2308 1612 2395 quorumdam
1638 2308 1909 2395 philosophorum
1930 2306 2055 2373 vitiis&

568 2398 640 2478 culi,
657 2414 715 2463 aret
724 2398 887 2479 seientiam
899 2398 1151 2483 firipnerareem?
1178 2400 1295 2463 Secun-
1337 2396 1560 2481 opinionibus,
1582 2416 1804 2463 uriniano
1827 2413 2057 2461 commemora·

567 2482 648 2550 dum
674 2505 746 2550 earn
773 2488 879 2565 enim,
912 2506 1011 2571 quam
1031 2484 1164 2569 ipsemet
1182 2485 1294 2549 animo
1337 2486 1394 2555 tiss
1417 2502 1516 2567 porro
1553 2494 1587 2562 s.
1608 2489 1678 2549 I'II.
1715 2480 1754 2548 de
1783 2480 1978 2567 quibusdam
1997 2478 2056 2545 alis

568 2573 744 2656 concepit,
787 2570 974 2638 eruditionis
1001 2574 1177 2637 notionem
1197 2567 1238 2636 de
1254 2571 1294 2635 iis
1336 2564 1538 2658 philosophis
1551 2574 1774 2655 peripateticis,
1790 2572 1824 2636 δι
1838 2566 2055 2655 grammaticis,

566 2657 724 2741 loquitur.
766 2659 882 2743 Neque
898 2659 971 2725 sane
989 2678 1154 2744 negamus,
1175 2656 1293 2743 priscos
1337 2676 1476 2743 quorum
1494 2652 1681 2723 testimoniis
1697 2676 1834 2722 aetatem
1843 2656 1982 2721 Homeri
1992 2672 2058 2739 pro·

569 2738 718 2809 ecclesiae
741 2758 844 2827 patres
871 2741 1083 2830 doctoresque
1109 2746 1225 2810 litteris
1254 2764 1291 2808 ac
1337 2744 1636 2818 batrtrrnnvs3
1667 2748 1744 2809 item
1769 2755 1804 2822 ς.
1826 2746 1916 2807 VIII.
1939 2738 1979 2807 de
1995 2740 2057 2823 qui·

569 2825 743 2913 disciplinis
757 2826 927 2897 instrudios
947 2830 1049 2911 fuisse,
1085 2827 1175 2917 quod
1190 2850 1228 2897 ex
1242 2832 1293 2895 in·
1338 2827 1470 2895 busdam
1482 2828 1686 2913 scriptoribus
1701 2827 1879 2907 chaldaeis,
1901 2826 2057 2913 phoenici·

569 2912 876 3000 stitutoprobater..
890 2918 1292 3001 enutrireninadpere·
1338 2917 1396 2982 bus
1427 2916 1461 2983 dc
1489 2920 1658 3002 aegyptiis,
1680 2915 1720 2983 ad
1743 2914 1947 3000 probandam
1967 2908 2057 2978 Molis

569 3019 606 3067 tre
620 3000 790 3090 theologico,
798 3024 832 3089 p.
840 3025 887 3089 ὕ.
892 3008 977 3091 seqq.
1021 3001 1121 3083 Idem,
1140 3022 1294 3071 cumver-
1337 3005 1578 3089 antiquitatem,
1593 3024 1610 3067 a
1624 3024 1671 3069 re
1680 3023 1777 3068 rien
1786 3025 1807 3067 ο
1829 3019 2058 3068 commemora·

570 3090 611 3155 ba
625 3110 871 3157 urerentur
885 3094 948 3157 iam
966 3108 1154 3171 memorata,
1171 3087 1295 3155 recitas-
1339 3091 1398 3164 tis,
1423 3097 1452 3170 §.
1473 3092 1529 3153 IX.
1544 3086 1583 3156 de
1603 3090 1745 3175 pluribus
1761 3090 1831 3153 aliis
1851 3086 2057 3173 scriptoribus,

569 3174 624 3254 set,
637 3175 777 3242 subiicit:
801 3181 840 3241 Et
847 3180 924 3258 fitne
942 3178 1049 3241 verbis
1066 3178 1244 3261 Hieronymi
1254 3176 1296 3263 fi·
1341 3172 1578 3259 &quibusdam
1599 3175 1770 3242 illustribus
1791 3179 1884 3253 viris,
1927 3190 2057 3259 quorum

569 3264 640 3324 dem
650 3264 789 3342 faciunt,
801 3280 880 3345 quae
893 3284 909 3327 e
921 3263 1027 3326 multis
1040 3262 1296 3346 paucehedieflt-
1339 3280 1548 3327 rarrnuvs
1577 3260 1651 3329 secit
1677 3266 1898 3336 mentionem
1917 3273 1951 3341 ς.
1969 3265 2008 3327 Χ.
2026 3254 2058 3323 dt

566 3348 691 3429 perstent
704 3348 823 3435 Instini,
851 3350 986 3429 Totieni,
1010 3347 1166 3432 Theophili
1184 3350 1296 3413 Antio·
1339 3345 1473 3413 deorum
1488 3346 1612 3429 sabulis,
1629 3350 1663 3415 ἀ
1677 3371 1704 3413 Μ
1717 3369 1957 3427 rraeooto,
1977 3368 2013 3414 ac
2025 3342 2057 3411 de

570 3430 670 3511 ebeni,
684 3432 845 3511 Clementis
854 3435 1070 3518 Alexandrini,
1081 3436 1207 3517 Euselii,
1226 3440 1295 3500 Ter·
1339 3432 1460 3514 statuis,
1474 3454 1553 3518 quas
1575 3456 1783 3503 rarranvs
1818 3436 1847 3501 se
1872 3436 1998 3501 Romae
2018 3432 2057 3497 vi·

571 3516 704 3599 tulliani,
717 3522 900 3592 Arnobii&
916 3521 1072 3606 plurium,
1100 3523 1153 3607 qui
1170 3537 1296 3605 praeter
1338 3517 1414 3587 disse
1430 3518 1575 3587 testatur:
1598 3520 1734 3607 deniqne
1748 3522 1786 3587 de
1808 3542 1921 3606 regum
1941 3524 2058 3607 argiuu-

571 3604 648 3687 alie,
673 3626 753 3689 qnae
771 3608 934 3695 mubiiuge
961 3608 1131 3673 eruditione
1157 3609 1296 3690 subnixi,
1339 3628 1413 3673 rum
1434 3606 1656 3693 chronologia,
1676 3606 1797 3675 erudite
1820 3624 2061 3675 commentatur.

564 3690 1296 3781 praestitere,exscnpeoribus&historiegeneili·
1341 3695 1408 3759 Iam
1430 3690 1541 3779 siquis
1565 3698 1669 3778 plures
1688 3698 1761 3761 alias
1784 3693 1929 3761 eiusdem
1946 3696 2060 3781 generis

568 3781 1296 3866 um,cumaentiquitetem&certitudinemreligi-
1339 3779 1579 3846 obseruationes
1601 3784 1635 3847 in
1658 3801 1858 3847 rvsrrrevsr
1882 3801 2060 3869 martyrem,

569 3864 1094 3947 onisorthodoxae,tumnoseitetene
1106 3870 1296 3932 venitatem·
1339 3886 1575 3947 incursuri,
1591 3870 1775 3953 cumprimis·
1799 3884 2061 3935 crannum

571 3972 629 4035 que
641 3952 790 4033 ethnicae,
819 3974 835 4019 e
868 3954 1021 4018 communi
1065 3956 1207 4019 omnihus
1243 3974 1294 4016 re·
1338 3947 1590 4019 Alexandrinum
1600 3952 1711 4027 addite
1734 3976 1802 4019 non
1811 3952 2062 4041 dubitabitegre·

570 4039 666 4104 rionis
713 4041 778 4105 lece
830 4042 1017 4127 argumentis
1059 4040 1190 4124 subinde
1240 4040 1296 4104 dse-
1338 4040 1390 4125 gia
1411 4040 1537 4123 prorsus
1565 4044 1766 4127 antiquitatis
1797 4043 1831 4108 dc
1860 4041 2059 4110 historiarum

570 4127 645 4203 llis,
679 4128 719 4196 ω’
732 4148 811 4209 qnae
824 4130 857 4193 in
882 4128 1073 4192 centrarium
1086 4128 1205 4209 adferri
1224 4142 1296 4212 pot·
1339 4144 1552 4191 monumenta
1564 4130 1597 4192 in
1613 4146 1738 4213 patrum
1755 4129 1878 4213 scriptis
1893 4148 2060 4206 occurrere,

570 4228 670 4292 erant,
685 4216 841 4295 refutetis,
863 4236 922 4280 non
942 4217 1044 4278 minsis
1063 4214 1181 4295 diserte,
1193 4233 1296 4298 xqrtene
1339 4233 1399 4277 nec
1415 4208 1569 4297 proficere
1584 4235 1777 4298 quemquam
1800 4218 1834 4280 in
1862 4214 1925 4283 islo
1949 4214 2058 4284 studio·

569 4298 665 4375 delle,
680 4298 878 4381 ostenderunt.
929 4300 1040 4382 Qiac,
1063 4294 1118 4365 etsi
1141 4303 1186 4365 ita
1205 4321 1294 4364 com·
1339 4319 1536 4385 rumgenere
1557 4304 1616 4366 rite
1637 4302 1732 4387 posse,
1755 4298 1812 4367 nisi
1835 4302 1915 4369 haec
1939 4320 2059 4389 quoque

569 4399 678 4466 parata
693 4380 770 4465 sint,
798 4403 832 4450 vt
846 4390 895 4451 vir
908 4387 961 4451 illc
982 4380 1178 4453 dodtiffimus
1197 4388 1293 4451 nimis
1338 4386 1543 4451 consuluerit.
1589 4389 1638 4452 De
1651 4388 1950 4475 gentiliumscriptis
1965 4392 2058 4477 legen·

569 4486 700 4549 quoque
720 4472 876 4552 praeclare
898 4470 937 4539 de
957 4491 1086 4557 patrum
1114 4472 1294 4538 eruditione
1339 4469 1388 4537 dis
1407 4493 1473 4537 non
1490 4496 1551 4538 vna
1565 4474 1695 4560 quidem
1711 4480 1863 4541 omnium
1877 4496 2006 4563 patrum
2019 4473 2057 4541 ss·

567 4550 930 4633 sensissevideaturshoc
944 4577 1294 4645 tamencertum,quos-
1337 4561 1363 4623 it
1383 4557 1551 4635 sententiae
1597 4562 1755 4646 plurimos
1778 4581 1888 4629 tamen
1910 4560 2058 4635 censorie.

568 4636 643 4709 dam
657 4644 1171 4735 patruminseriptorumquoque
1191 4648 1291 4733 genti-
1337 4666 1392 4721 sos
1409 4647 1443 4717 ds
1465 4646 1626 4734 legendos,
1647 4649 1680 4717 dt
1698 4645 1857 4737 iufignem
1882 4673 1920 4723 ex
1941 4656 1978 4721 iis
1999 4653 2060 4737 capi

1630 4824 1661 4873 0
1984 4736 2061 4830 polle
