5259 5967
703 742 750 824 5⁶
1060 736 1201 809 LIBRI
1223 678 1435 805 turoltts
1458 726 1631 798 CAPVT
1653 726 1894 795 TERTIVM

714 854 1072 877 husu-*m-

709 912 864 993 ciunust
876 935 1011 1015 porro,
1027 908 1050 985 fi
1066 910 1698 1023 opusfuerit,iurntiocimtionee&
1714 914 1878 1015 denique
1893 911 1935 989 in
1949 912 2118 991 adcurate
2131 914 2239 1018 prin=

710 1014 895 1153 cipiofqm
921 1010 1189 1087 constitutione
1202 1065 1213 1102 ,
1242 1010 1626 1115 conclusionumque,
1656 1038 1749 1115 quac
1776 1012 1866 1090 inde
1891 1014 2029 1105 fluunt,
2049 1010 2242 1115 deduliio7

711 1134 769 1188 ne.
1454 1134 1456 1139 ·

819 1246 835 1282 *
857 1243 970 1325 Dum,
1001 1237 1246 1308 meditationem
1267 1242 1301 1305 in
1324 1256 1448 1306 attenta
1490 1244 1680 1315 ditationem
1694 1245 1837 1326 ineptam
1851 1238 1993 1323 reddere,
2020 1238 2242 1313 nemoneseit,

711 1328 948 1417 confidentiant
969 1324 1154 1409 confiliere,
1177 1325 1332 1405 diximus,
1348 1345 1449 1393 atten-
1494 1334 1577 1400 Puro
1599 1335 1706 1418 itaque
1722 1328 1897 1417 santtoque
1911 1326 2037 1397 adfeiiu
2053 1325 2241 1395 excitandus

713 1421 813 1487 tionis
830 1438 907 1484 cum
928 1416 1041 1503 primis
1062 1416 1197 1481 innuere
1219 1415 1383 1482 voluimus
1396 1435 1450 1481 ne-
1495 1417 1643 1507 equidem
1659 1419 1799 1498 animus,
1816 1418 1851 1485 &
1864 1416 2001 1503 languor
2014 1418 2123 1483 omnis
2148 1414 2244 1479 excti-

714 1501 895 1575 celsitatem.
939 1505 1166 1590 Dequaetiam
1175 1524 1272 1568 nemo
1281 1498 1452 1569 dubitaue·
1497 1505 1647 1580 tiendus;
1670 1500 2243 1571 minimeautemeiusmodiadi'c&us

715 1598 773 1670 rite
787 1614 862 1659 cum
877 1588 942 1657 stne
955 1592 1131 1655 attentione
1147 1590 1227 1655 nihil
1244 1590 1327 1657 relic
1341 1593 1376 1656 in
1391 1586 1453 1655 stu·
1497 1617 1557 1683 pro
1572 1592 1680 1681 regula
1696 1592 1731 1659 &
1746 1612 1860 1657 norma
1880 1588 2078 1677 sequendus,
2093 1607 2127 1653 vt
2148 1606 2243 1654 antea

716 1674 1214 1764 diorumtraliationeprocedat.
1259 1674 1403 1763 Ideoque
1421 1675 1455 1742 ἀ
1498 1687 1563 1750 iam
1578 1681 1786 1759 monuimus,
1802 1677 1922 1746 &satis
1953 1680 2104 1743 inculcari
2119 1678 2243 1762 neq'uit.

717 1762 905 1856 philosophi
926 1761 966 1831 de
986 1767 1128 1844 ratione,
1152 1760 1331 1846 excitandi,
1355 1766 1391 1833 &
1406 1761 1455 1828 fo·
1498 1772 1609 1835 Facere
1622 1786 1760 1853 nequeo,
1776 1764 1855 1832 dum
1870 1768 1959 1831 ineo
1980 1764 2060 1843 sum,
2077 1768 2245 1851 quinpau-

718 1852 832 1935 uendi,
848 1849 1123 1939 conseruandique
1138 1854 1372 1933 attentionem,
1387 1848 1455 1938 pas·
1495 1860 1544 1923 tis
1556 1856 1613 1922 sub
1627 1874 1760 1921 eumen
1775 1872 1924 1921 reuocem
1938 1898 1948 1933 ‚
1963 1874 2046 1939 quae
2061 1857 2109 1919 vir
2126 1847 2244 1919 doliis-

718 1939 777 2011 srm
796 1941 976 2027 praecipere
997 1938 1107 2005 splene.
1173 1940 1246 2007 Nec
1264 1959 1342 2006 vero
1359 1938 1455 2005 nobis
1499 1940 1592 2011 sunus
1614 1964 1667 2009 10.
1691 1960 1895 2008 cranrcvs
1917 1936 1976 2005 hac
2003 1936 2092 2007 dere
2113 1937 2243 2006 differrt.

718 2050 805 2097 nunc
818 2024 858 2094 de
879 2048 919 2093 eo
939 2026 1043 2093 sermo
1061 2022 1124 2104 est,
1141 2047 1207 2112 quo
1219 2024 1317 2113 palio
1338 2021 1455 2092 docens
1500 2032 1546 2097 Ex
1561 2026 1707 2095 instituto
1724 2030 1750 2094 is
1765 2024 1805 2094 de
1816 2028 2000 2091 attentionis
2011 2024 2185 2115 neceffimte·,
2199 2026 2241 2097 ὅ

719 2112 907 2185 auditorum
927 2113 1058 2178 t'uorum
1080 2118 1215 2180 excitare
1243 2115 1456 2179 attentionem
1490 2116 1644 2203 fiebfidiis,
1659 2114 1770 2201 quibus
1782 2116 1959 2199 comparari
1970 2112 2069 2201 poffit,
2081 2118 2145 2203 agit
2157 2114 2245 2200 logie.

718 2221 832 2290 queat,
849 2222 912 2287 qua
928 2197 968 2266 de
988 2222 1020 2265 re
1037 2200 1139 2266 multa
1161 2222 1215 2267 ro.
1242 2218 1452 2267 ctavurn·
1494 2220 1581 2291 pert.
1605 2208 1661 2268 m.
1684 2222 1708 2264 c.
1730 2202 1773 2266 ΙΙ.
1794 2218 1827 2286 p.
1850 2222 1906 2283 ¹52·
1952 2202 2037 2269 Cum
2063 2225 2099 2269 ue
2117 2201 2242 2279 multa,

721 2310 813 2358 orvs
829 2306 960 2367 monet,
977 2288 1263 2373 inlogicaneteri&
1270 2306 1365 2367 nene,
1369 2300 1456 2372 part.
1504 2312 1656 2379 quorum,
1672 2306 1707 2354 vt
1722 2305 1821 2374 puto,
1838 2292 1885 2353 exi
1911 2312 1950 2354 un
1964 2292 2011 2355 vis
2027 2224 2122 2356 eiial
2138 2304 2243 2353 atten-

721 2380 797 2445 11·c·
812 2379 868 2441 ΠΙ·
879 2392 911 2459 P·
926 2376 1073 2459 ill-seqq·
1088 2371 1150 2455 sed,
1164 2396 1230 2461 qua
1238 2378 1363 2441 ratione
1370 2375 1457 2461 quis·
1502 2384 1627 2447 tionem
1638 2372 1853 2456 excitandum,
1868 2310 2051 2456 afiduxiiiet,
2064 2372 2241 2443 deadt'efflt

743 2486 784 2531 ue
796 2462 874 2531 inse
888 2461 969 2547 ipso,
989 2460 1068 2529 dum
1082 2458 1123 2527 ad
1137 2458 1458 2528 meditandumacce
1501 2469 1548 2533 ita
1562 2465 1723 2550 loquitur:
1746 2463 1831 2551 Quin
1843 2464 1984 2547 edfellus
1997 2478 2127 2528 noceant
2135 2458 2244 2548 peffon

720 2487 780 2635 ait,
794 2552 1149 2619 excitareattentionem
1200 2542 1260 2617 isit.
1299 2548 1369 2614 Vbi
1384 2548 1457 2632 qui-
1502 2552 1644 2619 eeritetis
1657 2552 1825 2639 cognitioni
1832 2572 1938 2632 ,nemo
1950 2550 2070 2638 inficias
2083 2552 2191 2632 irretit,
2205 2550 2246 2621 θ’

721 2636 798 2709 dem
811 2634 1134 2723 impedimentorum,
1163 2658 1204 2703 eu
1226 2656 1341 2703 eorum
1350 2635 1458 2705 omni·
1501 2660 1558 2706 nos
1571 2638 1715 2723 fieperint
1733 2636 1930 2723 ostndinus,·
1950 2652 1986 2701 at
2001 2637 2111 2717 multi,
2125 2654 2168 2707 nn
2179 2636 2243 2703 nli·

721 2748 791 2808 um,
808 2744 891 2811 quae
905 2725 1050 2790 animum
1069 2721 1110 2790 ad
1130 2722 1192 2789 alia
1210 2738 1378 2803 auertunt,
1394 2718 1459 2788 srue
1501 2726 1624 2819 qnando
1633 2722 1760 2811 profint,
1777 2724 2003 2809 nultmfone
2014 2724 2165 2790 dubitent.
2182 2729 2244 2801 At-

722 2816 805 2881 intra
821 2810 1053 2897 nosmetipsos,
1070 2806 1134 2877 siue
1150 2828 1238 2877 extra
1253 2831 1314 2877 nos
1329 2807 1458 2890 lint,re-
1500 2830 1606 2880 tannen
1618 2834 1687 2877 cunt
1699 2810 1907 2895 aelfeliusfint
1921 2812 2004 2875 inter
2016 2831 2080 2892 en,·
2105 2830 2164 2881 ttae
2183 2830 2245 2881 na·

721 2900 921 2977 motionem,
938 2898 1115 2985 plurimum
1132 2894 1196 2964 huc
1210 2896 1328 2978 fatere,
1344 2896 1457 2963 iubens
1500 2900 1642 2984 tetrafita
1653 2898 1739 2963 mete
1751 2900 1914 2981 nonsttnt5
1923 2898 2053 2985 poffient,
2069 2833 2104 2984 l
2112 2898 2244 2983 quis'eit

720 2984 840 3057 fateore
861 2982 915 3050 sed
930 3000 1048 3068 tamen,
1063 2980 1290 3066 fidicendum,
1304 2980 1396 3071 quod
1410 3001 1458 3048 res
1497 2986 1787 3075 probentoderetur,
1803 2985 1935 3049 mulctent
1947 2986 1992 3050 ad
2003 3008 2046 3050 au
2066 2988 2176 3051 endam
2192 3000 2245 3049 nt-

721 3070 783 3157 est,
798 3069 939 3139 misellus
951 3119 962 3153 ,
974 3074 1033 3159 qui
1047 3092 1108 3137 nos
1116 3072 1254 3157 impellit
1268 3070 1311 3139 ad
1325 3067 1458 3138 medita-
1502 3076 1670 3142 tentionem
1678 3070 1808 3159 prodtff·
1814 3096 1827 3152 ,·
1839 3074 1932 3137 immo
1937 3004 2067 3161 finnffe
2073 3092 2245 3157 nermqmt

720 3164 847 3229 tionem
859 3156 1107 3244 suscipiendam,
1121 3176 1289 3245 vitamque
1307 3159 1362 3226 hie
1386 3154 1460 3222 facit
1502 3160 1626 3251 esl,stne
1636 3162 1760 3244 alnella
1773 3161 1890 3244 aliquo,
1898 3164 2002 3225 acrior
2015 3162 2157 3225 attentio.
2177 3159 2243 3228 Re·

721 3250 884 3337 paginam.
928 3248 1003 3313 Sine
1016 3243 1144 3315 aufem
1159 3243 1182 3313 fi
1197 3248 1269 3333 quis
1286 3244 1343 3326 stt,
1356 3237 1460 3311 autad
1504 3245 1701 3336 &equidem
1719 3244 1819 3311 modo
1828 3245 1866 3311 le
1881 3246 2005 3314 ⁸ilt'eliu
2024 3244 2243 3331 putolanom-

720 3331 966 3403 meditationem
987 3335 1128 3407 omnino
1149 3352 1219 3399 non
1242 3331 1385 3413 accedet,
1404 3345 1459 3396 aut
1501 3358 1575 3425 que,
1589 3339 1636 3401 vti
1652 3332 1802 3411 diximus,
1818 3332 1881 3399 hoc
1895 3336 2100 3421 intelligaturr
2121 3348 2244 3401 ceteto-

722 3419 747 3492 li
764 3417 909 3500 accedet,
931 3420 1096 3507 languebit
1119 3410 1305 3507 frigebitque
1325 3415 1458 3486 medita·
1502 3426 1582 3511 quin
1595 3425 1681 3489 enim
1691 3444 1773 3507 opus
1783 3419 1910 3497 damni,
1928 3444 2026 3575 quam
2040 3423 2243 3487 emolumen-

723 3514 783 3591 tio,
801 3507 835 3576 &
850 3503 982 3575 tandem
995 3502 1068 3593 post
1087 3508 1204 3573 multas
1219 3508 1367 3596 ambages
1377 3502 1459 3571 nihil
1502 3515 1545 3594 ti,
1560 3507 1636 3578 inde
1655 3508 1837 3575 referemus.
1889 3512 1933 3573 Se·
1970 3514 2091 3596 pergit:
2118 3504 2245 3595 Creteffi-

724 3614 803 3687 aget.
869 3592 931 3664 Sed
949 3594 1078 3663 summa
1101 3592 1153 3659 hic
1176 3597 1294 3662 iterum
1315 3613 1398 3681 opus
1413 3587 1458 3658 est
1500 3594 1643 3685 mmeji,
1650 3598 1773 3683 glorier·
1784 3596 1984 3681 cupiditatem
1997 3597 2105 3661 inultis
2120 3598 2245 3663 enicem

723 3686 892 3764 cautione,
909 3703 950 3749 ne
967 3679 1107 3749 adfectus
1123 3705 1261 3768 prauos,
1275 3700 1332 3748 aut
1350 3684 1458 3831 imfu-
1502 3684 1740 3773 caetffnmfuilse,
1753 3682 1792 3747 ob
1806 3705 1901 3769 quam
1920 3686 2061 3749 ueritatis
2079 3682 2245 3771 inuestiga-

721 3792 793 3855 τος,
809 3770 1034 3857 intelligamus,
1048 3771 1123 3854 qui,
1137 3787 1171 3834 vt
1186 3772 1335 3836 animum
1350 3788 1395 3856 po
1410 3764 1459 3832 lu·
1503 3773 1585 3839 tioni
1595 3789 1724 3856 opernm
1737 3770 1850 3835 darent
1855 3794 1868 3850 ‚·
1888 3788 1937 3853 at,
1950 3772 2240 3852 necminusterrem,

721 3876 786 3937 emt
799 3860 835 3927 &
850 3860 990 3937 turbant,
1005 3859 1048 3922 ita
1063 3855 1308 3924 meditationem
1325 3850 1460 3942 impedi·
1504 3880 1555 3925 eos
1566 3858 1640 3925 dum
1652 3858 1895 3946 inueniffevideri
1910 3858 2060 3939 uolebant,
2073 3858 2245 3944 quodnon-
2283 3904 2294 3919 t

721 3964 783 4015 unt
800 3949 1029 4035 potiusquam
1071 3962 1253 4011 romoutnt.
1327 3942 1460 4011 sanlius
1504 3948 1577 4013 dnm
1605 3947 1813 4026 inuenerant,
1838 3946 1940 4009 multa
1967 3945 2054 4031 quast
2073 3960 2243 4031 comperta,

722 4036 835 4125 potius
855 4052 1016 4119 purusque
1044 3964 1082 4098 lit
1101 4029 1261 4113 adl'elius,
1288 4052 1326 4097 ex
1364 4027 1461 4097 since·
1504 4055 1583 4121 quae
1594 4050 1698 4097 tamen
1712 4032 1874 4118 eaplorntn
1889 4054 1950 4096 nun
1964 4050 2064 4112 erant,
2075 4032 2247 4119 protulffl

723 4142 762 4187 ro
774 4122 931 4187 Numinis
951 4138 1063 4185 amore
1078 4112 1198 4199 fluens,
1217 4120 1251 4187 ἃ
1264 4120 1384 4186 obiecti
1399 4138 1461 4183 no-
1507 4120 1719 4187 Nihilominus
1725 4120 1849 4205 gloriae
1859 4118 1962 4205 studio
1978 4124 2023 4185 ati
2030 4122 2168 4204 filicitcr
2174 4122 2245 4205 poll

721 4208 862 4287 bilitate,
901 4204 1083 4285 raeiiantia,
1104 4208 1139 4275 &
1160 4204 1201 4273 ad
1220 4204 1362 4273 nostram
1381 4206 1460 4271 alio.
1498 4210 1617 4293 sumus,
1670 4209 1710 4289 ei,
1724 4224 1863 4293 vtpare
1892 4210 2116 4287 ,moderemtm
2172 4207 2246 4271 Vri·

722 4315 858 4380 rumque
877 4228 1051 4359 Kominum
1065 4290 1198 4360 salutem
1206 4313 1390 4380 comparata
1399 4294 1461 4358 vti·
1503 4295 1544 4362 lis
1565 4294 1605 4381 est
1640 4314 1718 4359 onor
1736 4296 1775 4365 ὅ
1792 4296 1844 4358 exi
1867 4296 1989 4377 imatio,
2003 4311 2037 4360 vt
2054 4294 2246 4359 commodine

722 4384 836 4463 litate,
873 4382 1037 4447 excitatus.
1080 4378 1274 4449 Cuiusmodi
1315 4377 1459 4447 adscitus
1502 4382 1560 4469 ipſs
1571 4383 1724 4461 eluamus,
1745 4380 1785 4453 ὅ
1798 4380 1872 4446 aliis
1880 4382 2015 4469 prodtffe
2044 4380 2246 4463 neaman-sed

722 4492 799 4537 curn
813 4488 953 4554 raroaut
971 4490 1152 4557 numquam
1170 4467 1308 4536 modum
1328 4465 1459 4535 excede·
1502 4466 1620 4557 nonest
1639 4472 1737 4554 fama
1759 4472 1931 4555 captanda,
1952 4491 2016 4555 qun
2056 4468 2244 4557 aliquidfit,

721 4578 755 4626 te
768 4556 882 4633 soleat3
904 4574 938 4621 vt
951 4577 1124 4637 moneam,
1139 4580 1179 4625 ne
1193 4560 1311 4623 nimius
1329 4551 1385 4636 stt,
1403 4576 1458 4623 ne·
1501 4558 1760 4645 quodpropterse
1773 4560 1938 4642 concupisti
1954 4557 2072 4623 debeat.
2131 4561 2244 4641 ltaque

720 4644 799 4713 ceffe
813 4667 882 4712 non
897 4640 950 4711 est.
994 4642 1161 4710 Excell'um
1175 4648 1262 4711 enim
1278 4643 1457 4731 quorumli-
1500 4667 1534 4711 eo
1548 4644 1789 4709 contendendum
1804 4644 1855 4733 est,
1871 4662 2022 4731 qnatenus
2035 4642 2105 4709 licet
2113 4642 2173 4729 pe'r
2192 4636 2246 4709 uel

720 4736 772 4801 bet
786 4730 970 4805 adfectuum
984 4750 1130 4801 mentem
1146 4732 1283 4815 turbare,
1300 4726 1383 4799 &ad
1390 4751 1457 4800 me·
1501 4734 1627 4798 ritatem
1641 4732 1679 4806 t!
1689 4734 1836 4798 ninnten
1842 4778 1855 4815 ,
1868 4753 1948 4818 qnae
1956 4734 2122 4819 propense
2129 4752 2243 4881 nanqu-

2204 4838 2263 4885 ae·
