5259 5967
781 704 846 773 DE
867 705 1180 778 THEOLOGIA
1204 712 1533 781 PATRISTICA.
1836 730 1901 801 489

381 801 1029 832 m
1057 816 1902 839 -ffl———u—-na-

495 846 527 943 §.
542 845 601 920 ΙΙΙ.
627 845 796 923 Eruditio
815 870 961 949 puteum
982 850 1138 925 minime
1159 848 1334 949 equidem
1358 850 1702 943 contemnendum
1725 854 1824 932 istius
1847 881 1899 935 ta-

384 958 488 1035 men,
504 969 583 1045 quo
598 942 784 1037 vixenrnt,
799 947 983 1049 temporis
997 949 1153 1040 ratione,
1168 947 1393 1024 aestimanda.
1445 949 1607 1046 Qidum
1631 976 1762 1028 eorum
1788 956 1899 1032 histo-

383 1041 523 1119 riarum
538 1040 816 1144 &antiquitatis
832 1068 914 1121 non
929 1043 1083 1124 fuerunt
1097 1045 1271 1151 imperiti,
1291 1046 1334 1122 in
1348 1047 1546 1149 gentilium
1567 1075 1722 1152 quoque
1743 1050 1898 1157 scripto·

383 1138 643 1219 rumlediione
662 1140 761 1219 haud
783 1141 1039 1247 perfundorie
1064 1145 1201 1222 versati.
1226 1152 1244 1187 ⁸

473 1279 492 1319 *
515 1272 823 1358 Quemadmodum,
842 1278 898 1361 qui
916 1294 1046 1364 patrum
1064 1298 1121 1345 au·
1164 1276 1339 1345 doiirinam
1359 1278 1512 1358 veterum,
1535 1276 1629 1362 stira
1645 1277 1759 1357 libeat,
1793 1295 1895 1365 aepro

386 1360 571 1431 &oritarum
587 1365 727 1429 nimium
742 1364 895 1445 euehunt,
915 1367 1014 1431 etiam
1030 1384 1121 1449 prae·
1164 1365 1286 1430 modulo
1304 1363 1387 1431 iliius
1401 1366 1472 1427 uerti
1479 1388 1491 1442 ,-
1514 1384 1576 1428 uon
1590 1368 1647 1445 ita,
1663 1366 1895 1433 vtmultumre·

385 1450 474 1517 clare
487 1447 663 1517 admodum
679 1448 718 1518 de
731 1471 846 1517 eorum
859 1448 1041 1517 eruditione
1053 1451 1119 1516 sen·
1160 1454 1330 1516 cenriorum
1344 1452 1511 1515 eruditioni
1519 1456 1730 1535 praeferatur,
1747 1455 1892 1539 quemad-

386 1537 494 1615 tiunt3
507 1538 1118 1623 ita,quiiliamcontraimminutamcu-
1160 1540 1286 1604 modurn
1291 1538 1396 1621 soleta
1408 1538 1514 1601 methis
1519 1540 1601 1624 fieri.
1647 1540 1895 1627 Puffitmust'ffr·

387 1626 498 1711 piunt,
514 1622 554 1693 de
566 1625 630 1693 hac
648 1645 780 1712 quoque
793 1626 885 1692 aliter
898 1624 1035 1694 censent.
1057 1626 1117 1691 At·
1150 1629 1237 1711 scere
1253 1626 1380 1693 actenus·
1395 1646 1498 1688 rerum
1507 1644 1621 1709 parum
1635 1628 1753 1708 finiero,
1767 1630 1893 1691 ratioci-

384 1730 451 1797 que
463 1710 622 1780 hos'intet
634 1732 818 1781 rennues
833 1734 963 1799 quoque
978 1732 1119 1779 cueur-
1160 1714 1341 1780 nationibttt
1355 1711 1458 1775 miuus
1465 1712 1582 1796 firmis,
1598 1715 1703 1777 ordini
1720 1715 1890 1799 coufitfieri,

386 1818 460 1865 cre
474 1795 537 1878 est,
562 1800 614 1863 uir
634 1794 859 1879 dodiisrmus,
874 1798 1119 1887 quiinepisioiis
1150 1798 1229 1887 stylo
1248 1801 1396 1881 nonsatis
1416 1798 1574 1885 castigato,
1596 1816 1650 1863 uec
1664 1803 1835 1885 perspicum
1856 1818 1894 1865 ar

385 1886 504 1951 criticis
519 1886 558 1955 ὅ
568 1884 772 1972 ecciefiasticis,
783 1906 828 1972 ep.
843 1892 899 1953 IV.
909 1905 943 1971 p.
964 1907 1021 1969 ιιι,
1032 1888 1116 1972 seqq.
1156 1888 1235 1957 baec
1252 1890 1410 1972 praeferre
1429 1888 1486 1965 iit,
1523 1908 1603 1969 quae
1618 1888 1784 1951 contrariis
1797 1910 1891 1951 orna-

385 1994 427 2041 ex
435 1968 581 2041 instituto
594 1968 633 2039 de
647 1990 776 2058 patrum
787 1972 979 2054 eruditione,
997 1974 1116 2060 veipo·
1156 1978 1270 2042 mentis
1281 1973 1409 2059 ingenii,
1424 1973 1540 2053 iudicii,
1563 1974 1751 2059 eloquentiae
1763 1976 1889 2059 praedi-

386 2062 451 2127 tius
464 2076 576 2126 contra
589 2080 671 2141 eant,
685 2056 833 2144 disputat.
878 2060 987 2140 Hodie,
997 2062 1113 2146 inquit,
1155 2078 1193 2127 ta
1205 2064 1293 2147 sunt,
1306 2060 1435 2123 minime
1440 2058 1630 2144 stestimmus.
1699 2060 1735 2125 Id
1750 2083 1890 2147 namque

385 2146 527 2213 auditus
541 2145 752 2211 nemohaireri
769 2164 871 2232 queat,
892 2149 947 2231 qui
967 2146 1115 2233 vuiqaria
1158 2148 1213 2228 est,
1230 2146 1319 2235 quod
1340 2145 1473 2234 ipsemet
1496 2146 1591 2220 vulot
1613 2145 1800 2213 eruditionis
1822 2152 1889 2213 lau·

383 2249 513 2299 tantum
522 2236 674 2318 prostrat,
690 2236 744 2319 qui
759 2239 837 2302 reiie
854 2235 1115 2299 ratiocinandire·
1158 2232 1233 2305 dem
1258 2236 1403 2320 patribus
1429 2253 1500 2297 non
1529 2232 1615 2318 poiie
1637 2232 1802 2319 denegari,
1835 2233 1889 2302 sed

379 2320 476 2408 gulas
484 2318 589 2405 paffim
597 2323 793 2407 perfringat,
829 2324 883 2407 qui
903 2321 987 2386 nullo
1007 2322 1115 2387 ordine
1157 2342 1229 2388 eam
1251 2341 1312 2407 pro
1330 2336 1513 2405 temporum
1539 2316 1672 2387 istorum
1697 2318 1887 2388 conditione

384 2422 511 2486 vtetur,
524 2408 579 2491 qui
590 2406 705 2473 nuliam
715 2408 848 2495 liyiiaut
862 2426 940 2472 certe
950 2409 1114 2493 perspicui·
1157 2406 1388 2477 aestimandam
1401 2406 1471 2474 eise.
1515 2409 1585 2472 Nec
1607 2428 1720 2473 omnes
1741 2429 1807 2472 vno
1830 2429 1886 2472 eo-

386 2496 467 2559 taris
483 2494 780 2575 rationemhabeat3
813 2516 867 2559 nec
879 2494 1022 2581 intelligo,
1058 2514 1114 2559 cur
1155 2494 1293 2581 demque
1305 2490 1443 2561 habendi
1457 2492 1529 2559 sunt
1543 2493 1630 2573 loco,
1645 2489 1732 2559 ficuti
1747 2513 1807 2558 nec
1827 2494 1885 2575 ilii,

386 2580 522 2647 velimus
532 2582 716 2649 eruditionis
727 2582 850 2649 laudem
871 2584 1022 2649 ueteribus
1036 2581 1116 2647 mui-
1182 2586 1215 2650 ui
1232 2579 1330 2648 hodie
1345 2577 1458 2647 eruditi
1473 2596 1646 2655 uocantum
1669 2600 1743 2646 cum
1759 2580 1888 2667 quibus·

386 2670 431 2733 tis
442 2669 590 2751 tribuere,
603 2670 638 2733 in
648 2671 908 2757 quorumscriptir
920 2669 997 2735 baec
1009 2670 1115 2734 omnia
1157 2604 1233 2737 darn
1245 2669 1448 2736 excellentius
1463 2668 1640 2753 ingenium,
1655 2670 1689 2735 dt
1702 2671 1806 2734 maior
1818 2689 1890 2733 eru-

385 2754 637 2823 animaduertere
655 2756 734 2823 iicet.
778 2758 956 2840 Miserrima
976 2758 1114 2841 profluit
1158 2754 1292 2823 ditionis
1316 2752 1485 2840 adparatus
1506 2756 1666 2841 obtigerit,
1688 2777 1785 2843 quam
1807 2756 1887 2821 aliis.

353 2860 356 2865 ·
386 2864 405 2905 e
442 2840 609 2925 hodiesors
619 2841 733 2928 nostra,
751 2842 932 2926 quiiutfine
943 2863 1054 2930 magno
1067 2842 1114 2907 la·
1156 2842 1352 2929 Suffragatur
1365 2840 1563 2909 interimhac
1576 2846 1610 2906 in
1625 2862 1659 2907 re
1678 2862 1729 2907 ιο.
1746 2863 1887 2907 cuunr-

337 2948 347 2955 ·
410 2928 704 3014 ore,finefinguiari
717 2950 822 2994 rerum
836 2930 962 3009 deleeiu,
976 2930 1045 3013 stne
1061 2948 1114 2993 ra·
1157 2952 1222 3011 cu,
1235 2932 1291 3016 qui
1302 2931 1562 3013 ceteroquineius
1578 2929 1632 2993 sub
1647 2948 1887 2997 euenerunt

386 3018 657 3096 tiociuationibus,
679 3016 713 3081 in
733 3018 843 3103 quibus
860 3015 944 3082 nihii
958 3012 1115 3105 acutiffimi
1156 3020 1291 3085 nomine
1303 3016 1429 3083 latentis
1452 3011 1741 3081 animaduersiones
1762 3018 1798 3081 in
1820 3035 1885 3082 ar-

386 3103 656 3169 diaieiiicimerito
669 3101 1113 3189 carperepoffintfineadcura-
1156 3122 1373 3173 evsrtnvra
1386 3103 1500 3167 acriter
1514 3098 1886 3187 commutamnus

385 3206 420 3255 to
434 3188 689 3275 ordiendumque
700 3192 862 3255 minimum
876 3192 1042 3277 perspicuo,
1060 3210 1113 3256 ne·
1156 3210 1403 3269 rnrruurvs,
1418 3208 1484 3274 quo
1498 3191 1634 3254 nomine
1657 3191 1762 3253 virum
1783 3184 1887 3255 trudi·

381 3292 483 3365 gutur
496 3274 803 3355 eruditionishouos,·
817 3276 985 3363 feliciffima
1004 3294 1113 3344 contra
1154 3272 1823 3346 eiiiimumtvu.aur.ruvnuron1vu
1841 3293 1889 3343 te·

376 3366 453 3449 fuit
470 3378 615 3441 ueterum,
629 3371 759 3447 quorum
778 3364 811 3427 in
829 3364 952 3443 meritos,
972 3364 1113 3428 omnibus
1156 3368 1201 3453 gi,
1214 3367 1408 3451 accepimus,
1424 3364 1606 3448 &ingenue
1620 3362 1744 3442 fatetur,
1759 3380 1887 3447 patrum
1932 3422 1937 3432 .

385 3450 476 3533 bisce,
491 3452 700 3514 autmaxima
721 3469 824 3515 eorum
838 3468 931 3537 parte
949 3448 1117 3537 destitutos,
1158 3450 1384 3529 eruditionem,
1406 3453 1441 3515 in
1463 3452 1511 3523 iis,
1535 3470 1615 3533 qune
1630 3448 1670 3517 ad
1689 3468 1768 3515 artes
1791 3448 1888 3516 scien·

389 3552 503 3603 taentae
516 3535 889 3623 laudetcongejiaefuere.
953 3541 1016 3626 Ego
1028 3556 1116 3614 vero,
1159 3541 1283 3625 tiasque
1305 3536 1454 3621 profanas
1476 3536 1633 3619 speciant,
1657 3558 1704 3613 ea,
1728 3558 1810 3620 quae
1826 3558 1887 3601 no·

389 3627 439 3693 ita
452 3626 570 3711 pergit,
588 3623 825 3706 necfitnefiiius,
835 3640 869 3689 rt
884 3624 1011 3711 ingenue
1023 3623 1118 3709 profi·
1158 3624 1239 3695 strae
1259 3626 1370 3690 aetatis
1385 3618 1438 3699 est,
1465 3622 1604 3687 multum
1621 3621 1681 3687 eise
1694 3622 1887 3689 inferiorem.

391 3710 557 3795 reaequod
564 3711 676 3791 sentio,
688 3730 757 3775 cum
770 3710 809 3775 tie
823 3728 952 3795 patrum
969 3710 1117 3775 eruditio·
1159 3711 1267 3779 Muita
1282 3712 1369 3792 fient,
1388 3710 1514 3793 inquit,
1534 3728 1613 3792 quae
1631 3709 1664 3773 in
1687 3708 1776 3773 lieris
1785 3709 1888 3787 fieuiii

388 3820 431 3869 ire
445 3798 582 3861 iudicare
594 3796 764 3883 adgredior,
785 3800 890 3861 eadem
900 3798 1059 3881 menfitra,
1079 3811 1118 3863 vt
1159 3797 1340 3883 Augtqiini,
1375 3810 1601 3879 ceterorumque
1617 3812 1747 3879 patrum
1768 3794 1889 3877 exquiri

339 3948 344 3953 .
392 3886 442 3951 ita
461 3884 577 3957 dicam,
597 3900 683 3964 utor,
717 3904 781 3968 qua
796 3884 880 3968 firleo
914 3886 1118 3949 recentiorum
1155 3886 1286 3972 possum,
1304 3884 1515 3968 grammatica
1537 3880 1689 3960 videlieet,
1724 3880 1888 3959 rhetorica,

390 3970 594 4037 eruditionem
603 3972 724 4045 metiri,
745 3992 841 4055 neque
847 3973 928 4035 enim
933 3986 1024 4057 puto,
1030 3989 1119 4054 opor·
1158 3972 1324 4047 didaiiica,
1342 3968 1449 4054 logica,
1460 3967 1589 4053 phffica,
1603 3968 1753 4047 eruditio,
1767 3966 1888 4051 lingua-

392 4076 459 4123 rere
470 4074 520 4121 eot
533 4057 658 4121 meliore
675 4058 725 4143 effe
746 4058 925 4131 conditione,
946 4077 1042 4142 quam
1052 4076 1118 4123 nos.
1160 4080 1231 4123 rum
1243 4056 1371 4145 peritia,
1385 4056 1502 4133 critica,
1517 4053 1728 4139 chronologia,
1751 4054 1791 4123 εἴ
1808 4052 1889 4116 aiiae

391 4150 484 4235 Quae
494 4143 586 4211 laudo
606 4145 646 4214 ὅ
657 4148 754 4208 miror
767 4146 801 4211 in
823 4146 947 4230 nuperis
959 4144 1118 4228 scriptori·
1162 4147 1197 4211 iai
1204 4164 1302 4231 genus
1313 4141 1500 4225 disciplinae,
1515 4158 1596 4226 quae
1611 4161 1692 4205 nuuc
1710 4138 1889 4203 excoluntur

392 4234 508 4310 brenta
519 4232 696 4316 inantiquis
709 4231 811 4296 eodem
820 4231 933 4297 bonore
943 4233 1118 4316 proftquore
1160 4252 1278 4317 magua
1294 4230 1394 4295 animi
1412 4229 1613 4308 contentione,
1625 4250 1647 4291 a
1669 4226 1817 4293 litteratis
1833 4224 1890 4290 br·

393 4319 592 4407 quaesperno
608 4332 664 4381 aut
684 4318 767 4381 rideo
780 4321 813 4382 iu
831 4320 1033 4384 recentiorum
1043 4319 1121 4401 scri·
1161 4318 1307 4386 minibus.
1375 4318 1412 4381 Iu
1428 4314 1477 4380 his
1490 4314 1630 4379 omnibus
1649 4334 1711 4379 non
1730 4332 1887 4399 negamus,

391 4405 470 4493 ptis,
483 4425 520 4468 ea
534 4425 595 4469 non
605 4403 707 4489 piterii
718 4407 818 4487 facio,
833 4426 902 4469 cum
918 4402 998 4469 milri
1019 4425 1121 4467 occur·
1164 4408 1257 4471 immo
1281 4399 1450 4486 rnceriffinre
1455 4404 1616 4487 fatemur,
1655 4402 1782 4487 reperiri
1799 4399 1888 4485 μαψ,

396 4506 474 4557 runt
487 4496 520 4555 in
539 4507 673 4555 ueterum
687 4494 900 4556 monumentis.
967 4488 1027 4557 Sed
1041 4492 1123 4556 bene
1165 4494 1204 4565 ὅ
1222 4488 1464 4574 reueraoffiendi,
1478 4488 1589 4551 multos
1602 4505 1893 4571 nonnumquampa·

396 4574 456 4658 est,
471 4576 560 4663 quod
575 4574 662 4643 idem
675 4578 724 4643 vir
738 4574 852 4643 dodim
869 4575 1058 4661 quibusdam
1072 4579 1122 4642 in·
1165 4596 1249 4643 trum
1259 4579 1402 4659 defeliut,
1416 4573 1491 4659 &fi
1500 4576 1593 4639 etiam
1606 4575 1698 4655 veiis,
1710 4572 1893 4661 postremam

393 4666 551 4743 tenetur,
571 4662 648 4730 haec
665 4660 777 4732 addat:
821 4664 975 4751 Poffltmus
995 4664 1123 4731 laudare
1166 4664 1350 4753 quandoque
1363 4662 1559 4747 imperitiam.
1603 4660 1893 4729 Adcuratacriticet

507 4772 585 4821 nvn.
607 4768 762 4821 isaeoer.
775 4836 791 4862 ς
1277 4750 1374 4835 Qqq
1762 4745 1895 4831 scientia
