5259 5967
492 714 559 796 476
774 708 913 779 LIBRI
937 710 1278 783 POSTERIORIS
1302 715 1476 783 CAPVT
1498 712 1789 784 SECVNDVM

494 884 552 931 aut
570 863 739 949 scripturae
761 862 950 948 mdiorum,
971 864 1228 955 adlegationem,
1272 862 1422 941 beantur,
1438 863 1597 947 quaevim
1612 882 1746 929 omnem
1760 862 2001 949 atqueaudron'a

494 950 673 1036 similiaque
699 949 873 1029 admissos,
896 950 1049 1021 laudandi
1118 952 1228 1022 uidem
1271 967 1371 1015 tatem
1384 970 1403 1014 a
1416 952 1645 1016 conuenientia
1661 970 1737 1017 cunt
1750 948 1906 1038 scriptura
1920 950 1999 1019 sacra

494 1039 580 1121 sant,
596 1040 665 1124 qui,
683 1041 717 1106 dr
728 1038 1086 1108 horumlibrosnostror
1111 1042 1228 1131 ymbo·
1270 1039 1418 1123 accipiat.
1462 1037 1594 1123 Proprie
1607 1038 1695 1105 enim
1708 1034 1998 1125 didiampraera'pu·

493 1125 575 1191 licos
589 1128 749 1193 immunes
757 1128 829 1211 esse,
843 1131 979 1217 probare
990 1128 1155 1219 satagunt,
1168 1150 1227 1196 nec
1270 1146 1387 1211 amque
1402 1120 1475 1191 fidei
1486 1146 1522 1190 ac
1530 1127 1614 1191 vitae
1627 1144 1781 1193 normam
1795 1125 1997 1193 tantumscri-

496 1231 606 1279 tamen
626 1210 804 1301 quidquam
821 1238 936 1283 eorum
949 1214 1028 1284 dero
1049 1217 1154 1284 abitur
1169 1238 1226 1283 au.
1269 1231 1399 1300 pruram
1415 1210 1613 1297 sacramesse,
1627 1208 1995 1279 co‘stuenitinteromner.

496 1299 656 1379 storiati,
672 1296 759 1369 firel
773 1306 913 1371 maxime
926 1238 1133 1383 concedatur,
1146 1306 1227 1370 eius·
1269 1300 1376 1387 Atque
1392 1304 1435 1366 ira
1450 1319 1579 1386 quoque
1598 1296 1822 1387 accipiendum
1838 1345 1850 1380 ,
1873 1296 1993 1387 quando

494 1385 589 1455 modi
604 1390 640 1453 in
652 1390 691 1454 iis
706 1402 877 1465 πριμμη
890 1394 1040 1458 inueniri.
1083 1388 1177 1459 Vnde
1192 1392 1227 1459 dt
1268 1390 1341 1455 libri
1354 1386 1522 1475 symbolici
1538 1384 1866 1476 irrquibus'damlocis
1877 1402 1992 1455 romei

493 1474 560 1543 hoc
574 1496 644 1541 non
656 1472 813 1557 obstabit,
856 1496 900 1543 uo
912 1482 1021 1545 minus
1036 1500 1096 1565 pro
1110 1498 1228 1545 norma
1267 1475 1310 1541 ser
1324 1472 1558 1563 adpellitantur.

493 1560 636 1650 quadarn
650 1582 688 1628 ac
701 1563 808 1650 regula
817 1496 903 1646 fiber,
914 1563 967 1634 sed
981 1563 1163 1633 secundaria
1169 1563 1228 1633 ha·

597 1662 629 1835 p.
642 1662 725 1737 XV.
750 1659 847 1739 Vsus
861 1661 1042 1743 librorum
1060 1658 1349 1767 symbolicorum
1370 1658 1432 1735 hic
1454 1660 1529 1753 est,
1555 1682 1596 1737 vt
1611 1658 1658 1737 de
1673 1656 1843 1739 dodirina
1857 1658 1989 1763 publiea

493 1761 598 1836 eccle
610 1782 664 1836 rae
677 1760 852 1838 omnibus
866 1764 1028 1857 constet,
1041 1764 1226 1865 itemque,
1240 1782 1281 1837 vt
1294 1756 1458 1837 miras&
1474 1756 1670 1839 consensus
1683 1759 1724 1836 in
1732 1760 1913 1854 doctrina,
1920 1786 1989 1837 mo

494 1854 642 1959 doque,
656 1855 828 1971 dogmata
840 1858 935 1939 sacra
947 1860 1210 1976 proponendi,
1232 1855 1499 1951 conseruetur,
1517 1858 1716 1961 omnisque
1730 1858 1896 1937 euitetur
1908 1882 1988 1935 oon-

494 1953 599 2033 susro.
649 1956 727 2059 Qr
741 1980 863 2035 autem
877 1985 942 2038 eos
950 1955 1384 2048 mirummeneumjalios
1393 1957 1631 2061 opprimendi
1647 1980 1898 2053 conuertunt,
1913 1958 1988 2035 &in

493 2056 606 2133 rebus
619 2053 838 2135 secundariis
853 2059 1073 2139 consensum
1087 2082 1174 2137 curn
1189 2056 1258 2135 iilis
1280 2055 1390 2132 nimis
1412 2055 1530 2159 rigide
1543 2078 1702 2158 vrgent,
1723 2058 1824 2135 nulia
1838 2058 1986 2149 illomm,

496 2154 564 2255 qui
581 2180 628 2232 ex
642 2154 890 2235 imbecillitate
907 2180 1049 2253 errant,
1067 2156 1189 2237 habita
1200 2156 1366 2240 rationee
1390 2153 1458 2233 illis
1471 2155 1570 2231 abuti
1587 2155 1761 2232 censendi
1778 2155 1902 2235 sunt*

583 2256 795 2341 *Duplieem
838 2261 985 2345 raecipue
1001 2258 1224 2348 symbolorum
1268 2256 1457 2341 mixtioque.
1500 2256 1616 2341 Neque
1630 2252 1899 2333 etiamdubium,
1920 2256 1986 2343 rprin

493 2361 533 2409 ac
549 2338 786 2411 confessionum
825 2368 901 2413 nem
918 2344 997 2427 esse,
1010 2350 1169 2425 alterurn,
1190 2360 1227 2411 vt
1291 2343 1428 2411 uaeliber
1449 2338 1575 2409 ecclesia
1590 2340 1745 2410 eiusmodi
1760 2344 1909 2433 symbola
1922 2362 1988 2411 oon-

493 2426 639 2497 nosirarn
653 2428 695 2500 de
708 2432 804 2499 variis
818 2429 986 2501 doctrinae
998 2432 1100 2501 fictae
1111 2432 1224 2519 eapiti-
1267 2364 1360 2509 dete,
1377 2428 1458 2497 &ab
1466 2431 1628 2506 omnibus,
1641 2433 1697 2518 qui
1706 2433 1773 2498 eius
1785 2426 1988 2499 membraest

493 2516 555 2582 bus
567 2536 710 2587 mentem
722 2522 900 2605 aperiamus
915 2566 925 2601 ,
947 2518 1105 2607 simulque
1118 2522 1225 2587 obtre·
1268 2520 1414 2603 cupiunt,
1426 2532 1462 2581 vt
1473 2516 1565 2582 suum
1579 2539 1655 2583 cum
1667 2520 1706 2583 iis
1719 2517 1912 2587 consensum
1922 2536 1986 2605 pro·
2026 2504 2030 2553 ¹

496 2601 695 2671 erationibus
723 2606 759 2672 dr
780 2608 949 2675 calumniis
970 2605 1226 2675 aduersariorum
1267 2600 1427 2684 siteantur,
1440 2606 1563 2689 exigere
1578 2622 1683 2689 queat.
1727 2607 1843 2692 Ecquis
1860 2620 1987 2691 namque

494 2690 632 2755 obuiam
644 2710 766 2772 amus,
781 2693 933 2775 alterum,
945 2710 981 2759 vt
994 2694 1133 2760 aliorum
1147 2712 1224 2779 pto·
1266 2686 1468 2779 potestatem,
1481 2689 1754 2773 caconsiiruendi,
1766 2713 1852 2780 quae
1865 2688 1987 2761 adsuam

494 2772 668 2843 scribamus
683 2796 824 2859 errores,
841 2781 893 2862 dr,
918 2782 957 2847 ab
971 2783 1010 2846 iis
1024 2802 1086 2847 nos
1100 2780 1225 2847 alienus
1266 2776 1554 2857 conseruationem,
1569 2774 1813 2865 dodtinaeque,
1828 2800 1925 2867 quam
1937 2796 1988 2865 pto

492 2861 575 2944 esse,
589 2861 764 2945 testemur,
783 2864 879 2953 supra
893 2869 962 2933 iam·
972 2865 1225 2934 obseruauimut.
1267 2884 1342 2931 vera
1363 2862 1521 2951 agnoscit,
1535 2868 1805 2951 propagationem
1817 2864 1987 2947 faciunt,ei

492 2949 585 3016 Prior
599 2946 674 3019 finis
687 2956 805 3037 partim
817 2952 1005 3036 didacticur,
1019 2954 1137 3039 partim
1149 2970 1225 3037 epe·
1267 2948 1456 3038 denegaret?
1478 2955 1602 3017 Natura
1624 2948 1841 3039 indolesque,
1863 2950 1987 3037 tum-so

491 3036 638 3125 segericus
652 3036 713 3121 est,
732 3038 889 3125 posterior
900 3040 1090 3107 elenchrr'cur.
1134 3038 1225 3105 Con·
1267 3042 1390 3105 rietatis
1410 3041 1586 3125 generatim
1606 3036 1789 3125 spectatae,
1812 3058 1886 3107 rum
1904 3034 1988 3127 ipfiu

495 3120 605 3191 firmat
618 3123 683 3191 hoc
697 3147 848 3194 aaran.
865 3146 1081 3208 enarrare,
1094 3128 1129 3193 in
1140 3126 1225 3191 enti·
1268 3122 1431 3204 eedesrae,
1446 3145 1481 3192 vt
1497 3122 1573 3191 haec
1594 3128 1623 3191 ei
1639 3122 1776 3211 potestas
1791 3124 1987 3207 concedatur,

492 3211 607 3295 quiret.
627 3211 1041 3299 ecclefireeaang.fierc.1V.
1065 3214 1157 3279 artic.
1172 3214 1226 3277 IV.
1267 3210 1429 3301 postulat?
1472 3208 1566 3277 Vnde
1581 3206 1755 3279 &viciffim
1770 3214 1925 3302 sequitur,
1940 3232 1987 3280 ne·

495 3298 677 3377 §.mut
686 3302 787 3381 pesp.
808 3298 1163 3387 vbi&generatimdes
1211 3336 1226 3350 ·
1266 3302 1408 3381 minem,
1423 3302 1478 3384 qui
1493 3295 1636 3365 ecclefiae
1651 3296 1987 3370 istiurmembrumess'e

497 3382 582 3447 bolis
597 3378 651 3449 dis
666 3400 743 3450 utar.
787 3384 1144 3540 Atrppevterquebicce
1176 3388 1225 3451 nis
1268 3388 1382 3472 cupit,
1404 3386 1435 3453 se
1449 3384 1669 3471 subscriptioni
1691 3408 1822 3469 comm,
1847 3386 1986 3457 stabilio

496 3471 614 3541 eumin
638 3492 672 3538 tn
717 3471 824 3539 lorum

494 3574 625 3643 grarum
636 3490 834 3627 cribratum
844 3558 997 3647 symbolis
1010 3580 1048 3625 ac
1057 3555 1226 3641 consessio·
1267 3558 1556 3649 demonstrarent,
1577 3563 1612 3624 in
1626 3560 1775 3649 symbolo
1794 3558 1857 3629 isto
1879 3556 1987 3651 aliquid

493 3643 614 3723 nibus,
631 3645 742 3712 locum
756 3649 891 3713 inuenit.
934 3647 973 3712 In
989 3642 1105 3712 harum
1116 3662 1225 3711 autem
1267 3650 1427 3717 contineri
1442 3692 1454 3729 ,
1477 3641 1567 3732 quod
1580 3644 1749 3733 scripturae
1766 3648 1874 3719 sacrae
1888 3650 1986 3718 aduer·

496 3728 650 3817 symbolis
660 3734 740 3798 alius
755 3729 1094 3799 adhucsinisaccedere
1108 3730 1225 3818 potest,
1267 3735 1360 3801 setur.
1410 3732 1628 3816 Disceptatum
1649 3734 1731 3817 suit,
1762 3758 1845 3803 num
1863 3728 1986 3805 sufficiat

494 3834 533 3883 et
544 3839 614 3884 non
629 3837 756 3886 tantum
771 3815 811 3885 de
828 3818 975 3885 doctrina
996 3820 1126 3905 publica
1144 3840 1224 3884 con·
1267 3816 1405 3888 cumista
1421 3817 1644 3900 restrictione,
1665 3840 1818 3907 quatenus
1831 3848 1909 3893 cum
1927 3824 1985 3891 scri·

496 3902 573 3985 set,
590 3904 642 3971 sed
658 3909 764 3972 vniras
780 3908 878 3973 etiam
893 3906 1108 3973 &consensus
1121 3909 1155 3971 in
1167 3901 1225 3971 do·
1267 3928 1361 3995 ptura
1375 3906 1459 3972 sacra
1475 3908 1699 3988 consentiunt,
1715 3909 1932 3993 subscribere,
1952 3930 1985 3977 au

495 3992 613 4074 sirint,-
634 3990 817 4079 modoque,
833 3992 917 4059 sacra
936 3989 1088 4079 dogmata
1103 4014 1225 4080 propo.
1267 4015 1347 4060 vcro
1367 3996 1452 4061 scaea
1464 3994 1539 4079 quia
1557 3994 1779 4080 consentiunt,
1802 4000 1981 4067 subscriben-

496 4078 607 4160 nendi,
622 4080 836 4151 conseruetur.
880 4080 946 4163 Qri
960 4078 1091 4166 quidem
1108 4078 1225 4146 stobti·
1267 4080 1347 4149 dum
1363 4078 1417 4147 srr?
1437 4078 1498 4147 Sed
1513 4102 1587 4146 cum
1602 4084 1692 4165 prior
1710 4084 1830 4153 modus
1847 4086 1984 4165 fallaciis,

497 4162 946 4249 uraturfiniwsuslibrorum
958 4169 1223 4254 symbolicorum,
1266 4167 1526 4253 illusionibusque
1539 4161 1674 4235 infinitis
1694 4172 1858 4243 obnoxius
1870 4170 1924 4257 fit,
1936 4188 1986 4239 nec

494 4252 535 4319 de
549 4276 617 4341 quo
629 4253 681 4321 bic
692 4256 875 4341 loquimur,
895 4256 931 4320 in
949 4276 989 4321 eo
1010 4254 1072 4322 sese
1085 4257 1225 4320 maxime
1267 4274 1334 4324 tam
1346 4253 1539 4343 perniciosus
1559 4270 1677 4323 temere
1690 4260 1770 4325 liber
1791 4264 1984 4339 inueniatur,

496 4341 631 4415 exseret,
654 4344 757 4407 immo
773 4343 904 4408 illorum
913 4336 1072 4407 necessitas
1085 4338 1160 4407 inde
1168 4338 1222 4406 ad·
1266 4346 1381 4430 inquo
1397 4363 1466 4407 non
1479 4344 1519 4407 ali
1545 4338 1601 4408 uid
1614 4346 1680 4409 veti
1694 4340 1741 4427 sit,
1757 4350 1852 4417 cuiue
1862 4345 1985 4417 nonnae

497 4446 596 4509 paret.
640 4428 672 4493 Si
686 4426 1094 4515 eniminecclesraquisque
1106 4429 1223 4515 prolu·
1265 4362 1706 4511 rarionealiquisdrbscribere
1736 4452 1984 4511 ueatreumneu·

497 4514 564 4580 bitu
579 4513 681 4581 dicere
699 4536 735 4581 ac
748 4514 862 4583 docere
878 4534 990 4602 queat,
1013 4512 1169 4605 quidquid
1186 4516 1223 4579 in
1265 4522 1387 4603 tiquam
1400 4512 1555 4598 sufficere,
1576 4454 1820 4605 qrritrbet‘bcile
1837 4523 1984 4613 perspicit.

497 4604 791 4679 mentemvenerin
813 4603 935 4669 summa
950 4624 1054 4671 rerum
1069 4604 1221 4670 omnium
1262 4606 1394 4691 ipseque
1409 4601 1558 4671 eumdem
1573 4606 1734 4693 improbar
1754 4608 1868 4679 beatus
1888 4628 1986 4681 raro

495 4686 677 4775 nonpotest
689 4710 760 4755 non
774 4689 851 4761 inde
861 4694 939 4759 oriri
951 4689 1115 4773 confuso,
1128 4710 1220 4758 com·
1262 4712 1344 4761 rac.
1364 4710 1577 4760 struente
1588 4736 1601 4775 ,
1622 4696 1806 4783 itrrespenffl
1818 4696 1987 4789 rbeologr'rir

519 4806 523 4813 .
885 4802 888 4807 .
1875 4806 1989 4877 gem,

864 3474 1039 3555 ominum,
1061 3490 1131 3537 tum
1143 3475 1225 3537 inte·
1267 3476 1430 3560 exigatur,
1451 3469 1624 3539 subducere
1638 3472 1743 3557 posse,
1756 3473 1915 3563 quamdiu
1929 3494 1987 3543 not
