5259 5967
928 550 966 587 l

507 698 570 765 ue
833 678 1409 757 trtnratromscaavr·
1430 664 1704 775 ovantum

1281 778 2030 813 *ΨΜ

623 848 652 922 §.
678 834 760 909 vlt.
787 830 1031 932 Linguamm,
1045 830 1175 905 latinae
1189 834 1404 938 cumprimis
1420 856 1455 912 at
1484 859 1530 911 ue
1554 858 1726 936 graecae,
1750 833 1920 935 itemque
1933 835 2027 911 anti-

516 936 710 1043 quitatum,
724 954 818 1031 quae
832 954 879 1005 ex
893 952 1061 1042 ueterum
1069 928 1239 1041 ‚lectione
1248 930 1423 1027 hauritur,
1443 862 1652 1009 theutatior
1674 930 1862 1033 cognitio,
1875 932 2027 1034 peritia-

517 1056 592 1141 que
608 1030 719 1123 adeo,
732 1048 875 1105 veteres
888 1028 1084 1131 {emptores
1099 1027 1196 1103 reite
1211 1030 1456 1134 intelligendi,
1473 1030 1677 1107 litteratum
1693 1027 1940 1105 humaniorum
1955 1056 2026 1109 no-

363 1106 366 1113 ·
406 1122 409 1127 ⁵
518 1127 762 1213 minevenire
777 1124 880 1220 solet,
894 1128 1060 1228 itemque
1076 1124 1309 1226 philologiae,
1337 1155 1429 1231 quae
1450 1130 1489 1207 ἃ
1509 1127 1723 1235 cumprimis
1743 1128 1787 1203 ad
1810 1128 1972 1233 linguam
1988 1128 2048 1209 δι·

518 1228 752 1331 antiquitates
766 1224 910 1301 ebraeas
924 1223 997 1303 sese
1009 1223 1186 1301 extendit.
1245 1228 1351 1319 Huic
1364 1254 1404 1305 er
1429 1254 1453 1305 o
1472 1228 1677 1306 studiorum
1691 1226 1818 1328 generi
1834 1226 2027 1329 quoduam

518 1322 752 1410 statuendum
765 1322 807 1400 stt
821 1324 993 1426 pretium,
1007 1347 1055 1399 ex
1068 1320 1173 1400 ditus
1194 1322 1394 1405 diiudicare
1405 1256 1505 1403 hicet.
1531 1332 1546 1366 *

607 1460 623 1495 *
643 1456 767 1520 Vocem
784 1450 991 1517 humanitatis
1009 1453 1074 1516 iam
1094 1473 1113 1516 a
1133 1455 1248 1518 veteri·
1292 1456 1418 1518 ratione
1430 1448 1642 1538 adpellabant.
1693 1452 1782 1519 Loca
1797 1472 2026 1522 crcraonrs

519 1550 578 1619 bns
593 1542 748 1611 Romanis
755 1535 795 1605 de
807 1540 984 1605 litterarum
997 1535 1106 1605 studiis
1120 1539 1249 1623 usurpa-
1293 1542 1328 1609 &
1342 1560 1412 1606 ovr
1422 1560 1443 1605 o
1453 1562 1504 1620 rr,
1517 1541 1553 1604 in
1567 1540 1682 1625 quibus
1696 1555 1780 1603 artes
1788 1542 1953 1627 ingenuae,
1963 1542 2028 1610 hoc

519 1656 616 1713 tam,
644 1624 778 1694 constat.
844 1627 895 1691 Ita
912 1645 1052 1712 namque
1073 1646 1248 1693 creato:
1293 1624 1359 1707 est,
1396 1647 1478 1712 quae
1507 1622 1676 1692 hominem
1702 1629 1879 1714 ingenuum
1901 1624 2027 1710 decent,

524 1728 636 1790 Omnes
648 1730 749 1793 artes,
761 1732 841 1797 quae
857 1713 903 1777 ad
918 1711 1144 1777 humanitatem
1153 1714 1250 1797 perti·
1293 1730 1609 1793 commemorantur,
1630 1710 1752 1779 indicat
1772 1734 1853 1780 ruo.
1876 1734 2028 1797 euentus,

520 1825 606 1887 nent,
617 1803 733 1870 hahent
752 1800 904 1885 quoddam
916 1818 1073 1864 commum
1087 1798 1249 1880 vinculum,
1291 1798 1335 1869 ad
1343 1800 1424 1865 Guii.
1433 1800 1551 1865 Budaei
1558 1800 1628 1864 iihr.
1641 1801 1678 1863 de
1679 1798 1782 1885 studio
1800 1801 2030 1870 intereuntis

523 1898 564 1971 (5
578 1890 666 1981 quast
673 1888 852 1973 cognatione
864 1886 1001 1971 quadam
1014 1887 1097 1950 inter
1103 1888 1140 1969 se
1157 1887 1254 1951 conti·
1295 1885 1489 2039 isXhitrrendo,
1500 1905 1534 1969 p.
1547 1907 1578 1969 7.
1590 1889 1626 1951 in
1637 1886 1787 1951 methodis
1793 1890 1869 1966 eins,
1877 1909 1931 1953 an.
1944 1892 2029 1971 1696

522 1997 645 2051 nentur.
688 1977 726 2040 Et
740 1976 857 2041 iterum
874 1996 883 2037 :
902 1973 1076 2059 patiamini
1086 1975 1124 2038 de
1142 1972 1255 2059 strumis
1295 1976 1398 2041 citis.
1455 1992 1636 2039 senecta
1650 1972 1798 2053 effatum,
1813 1970 1851 2039 de
1862 1973 1979 2059 strrdiis
1993 1977 2031 2042 ii.

522 2063 779 2139 humanitatis&
793 2060 969 2126 litterarum
985 2058 1091 2145 paullo
1110 2079 1160 2124 me
1171 2060 1256 2145 loqui
1295 2060 1471 2139 heraiihus,
1487 2058 1577 2143 supr-a
1600 2062 1666 2124 iam
1678 2057 1719 2126 ad
1734 2080 1759 2123 c.
1771 2065 1797 2125 1.
1812 2064 2027 2127 recitauimus:

523 2156 662 2225 hiberius.
706 2150 850 2233 Itemque
857 2148 966 2233 paucis
978 2146 1160 2215 interiehiis:
1167 2151 1255 2211 Nam
1295 2144 1381 2213 vnde
1396 2144 1487 2213 fimul
1500 2162 1598 2231 patet,
1614 2142 1821 2213 humanitatis
1834 2166 1915 2215 voce
1929 2169 1968 2215 ea
1982 2148 2028 2216 fe-

524 2243 696 2327 utprirnum
708 2257 746 2299 tx
753 2235 860 2319 pueris
872 2230 984 2319 erceffit
995 2232 1148 2314 Archias,
1161 2249 1199 2299 at
1218 2254 1255 2297 ue
1297 2256 1332 2301 re
1350 2230 1450 2299 studia
1465 2230 1640 2319 defignata,
1654 2255 1736 2320 quae
1749 2233 1783 2300 &
1798 2242 2033 2305 *remittebant

522 2330 566 2395 ah
580 2329 620 2392 iis
632 2322 764 2401 artibus,
781 2320 893 2406 quihus
903 2336 991 2383 aetas
997 2320 1129 2406 puerilis
1141 2322 1186 2385 ad
1196 2256 1254 2386 hu·
1297 2324 1434 2387 nomine
1445 2321 1625 2385 veniebant.
1671 2340 1826 2386 cicero
1839 2335 1951 2385 tamen
1972 2318 2017 2385 ali

525 2415 709 2483 manitatem
722 2408 889 2492 informari
898 2406 996 2489 solet,
1007 2409 1042 2491 se
1053 2407 1255 2489 adscribendi
1297 2404 1429 2495 quando
1442 2404 1552 2472 eadem
1568 2408 1602 2471 in
1619 2408 1726 2472 latiori
1742 2408 1924 2473 ambitouti
1941 2403 2031 2472 vide·

396 2572 399 2583 ,
517 2502 658 2591 studium
676 2495 807 2560 contulit
824 2495 889 2565 &a
914 2496 950 2560 in
963 2510 1045 2560 arat.
1060 2511 1121 2580 pro
1134 2492 1255 2559 Archia
1298 2510 1361 2573 tur,
1376 2510 1412 2558 vt
1426 2492 1526 2577 ipsam
1534 2488 1624 2558 simul
1633 2490 1871 2579 philosophi-am
1880 2490 2031 2581 designet.

521 2593 626 2679 po'e'ta,
639 2586 747 2652 c.1.11.
755 2584 814 2646 111.
843 2584 1042 2665 .m.256.257.
1071 2578 1255 2647 Exinstitu-
1297 2576 2032 2665 Interdumeorum,quaeadlitre'rashumanio-

525 2694 563 2746 to
582 2674 647 2743 hoc
667 2692 730 2741 nos
748 2598 909 2736 conhoeet
927 2687 961 2733 a·
980 2687 1173 2735 oratius:
1192 2668 1255 2753 Qui
1298 2688 1347 2735 res
1355 2665 1509 2753 spectant,
1517 2670 1633 2733 notitia
1636 2666 1825 2755 philologiae
1832 2670 2033 2735 nominemi-

524 2763 624 2831 verha
637 2760 738 2825 latina
744 2758 897 2839 fecerunt,
912 2754 1023 2838 quique
1036 2752 1085 2818 his
1094 2754 1191 2839 probe
1211 2751 1260 2837 vfi
1299 2759 1365 2822 iam
1372 2751 1672 2837 comprehenditur,
1685 2774 1783 2840 quam
1808 2776 1883 2821 uam
1892 2754 2032 2823 &huius

517 2852 616 2935 stent,
634 2844 862 2911 humanitatom
879 2860 942 2904 non
962 2840 998 2905 id
1013 2839 1063 2927 effe
1084 2840 1255 2919 rohrerunt,
1298 2837 1433 2920 vocis,sr
1448 2839 1538 2906 vsum
1552 2840 1687 2926 speeies,
1701 2776 1841 2911 diuerhae
1863 2839 1925 2909 [int
1937 2838 2033 2929 figni-
2062 2844 2065 2851 '

527 2934 613 3023 'quod
626 2929 740 3017 vulgus
759 2925 1077 3014 exssimat,quodque
1094 2949 1116 2992 a
1132 2927 1259 2991 Graecis
1298 2922 1475 2993 ficationes.
1541 2925 1593 2993 nd
1619 2929 1799 3015 linguarum
1821 2934 1947 3008 tamen,
1967 2924 2034 2996 fine

525 3024 699 3097 panop-xta
716 3015 855 3093 dicitur,
877 3015 916 3084 ὅ
927 3012 1258 3100 fignr'picatderterita·
1298 3014 1415 3100 quibus
1437 3010 1574 3080 eruditio
1595 3011 1650 3080 fibi
1669 3036 1739 3081 non
1761 3014 1904 3095 constat,
1918 3016 2032 3171 guales

525 3104 762 3189 remquamdam
772 3099 1259 3187 beneuolentiamqueergaomnes
1300 3096 1398 3168 hodie
1413 3099 1486 3165 sunt
1497 3100 1609 3180 latina,
1623 3122 1744 3187 graeca,
1760 3104 1882 3184 ebraea,
1897 3124 1915 3168 a
1941 3120 2033 3170 cura-

527 3189 893 3276 hominesptamiscuamt
906 3185 1257 3271 fidhumanitaremad-
1300 3190 1417 3253 tiorem
1439 3190 1627 3271 cumprimis
1647 3187 1781 3254 refertur
1796 3211 1836 3255 co
1859 3192 2033 3271 nitionem,

522 3278 720 3367 peliautrunt
742 3276 777 3341 id
788 3274 1023 3360 propemodum,
1043 3274 1126 3360 quod
1147 3273 1258 3339 Graeci
1300 3271 1364 3341 fine
1380 3276 1553 3359 generatim
1565 3295 1616 3340 eas
1624 3272 1819 3357 confideret,
1833 3210 1897 3346 hue
1912 3276 2035 3365 specia-

527 3362 779 3441 minuerant,
801 3380 858 3425 nos
875 3361 1074 3426 eruditionem
1093 3360 1256 3449 institutio·
1300 3363 1361 3428 tim
1375 3382 1412 3425 ea
1425 3357 1539 3440 tradat,
1555 3382 1636 3445 quae
1649 3359 1688 3427 ad
1696 3367 1950 3449 grammaticam,
1959 3362 2033 3432 rhe-

528 3470 657 3537 nmque
674 3451 708 3513 in
720 3448 1055 3525 ¹ironasartesdiaitrrus
1065 3470 1077 3528 ,·
1105 3467 1184 3532 quas
1202 3447 1257 3531 qui
1299 3450 1446 3529 soricum,
1463 3445 1672 3533 philologiam
1682 3448 1785 3516 stricte
1797 3448 1976 3532 nedicunt,
1998 3452 2035 3519 Gt

518 3537 680 3628 steteriter
695 3536 822 3621 cupiunt
833 3534 1050 3620 adpetuntque,
1067 3532 1182 3617 hiliant
1204 3532 1260 3598 veh
1298 3552 1399 3600 artem
1422 3537 1565 3600 criticam
1586 3538 1763 3619 pertinent,
1781 3535 1864 3605 vnde
1878 3538 2034 3605 nonnulli

527 3626 664 3693 maxime
675 3617 888 3709 humaniffimi.
909 3622 1012 3686 Huius
1025 3620 1257 3703 enhnstientiae
1321 3618 1511 3705 hilologiam
1524 3622 1639 3687 iterum
1649 3623 1858 3708 ingenerairm
1872 3626 2036 3711 &specia-

526 3734 603 3781 cura
617 3713 655 3782 θ’
668 3708 826 3794 difiipiina
837 3728 877 3773 rx
890 3706 1033 3790 uniuersis
1042 3708 1256 3773 animantibus
1297 3643 1358 3773 hem
1377 3703 1546 3792 dii'pescere
1572 3708 1686 3773 solent.
1752 3711 1807 3776 Per
1828 3710 2036 3799 philologiam

525 3802 587 3871 vni
597 3796 716 3865 homini
728 3798 805 3860 data
822 3793 881 3882 ests
892 3794 1062 3878 idcircoque
1076 3793 1258 3859 humanitas
1298 3812 1408 3860 autem
1411 3794 1519 3881 striiie
1517 3794 1562 3879 fic
1568 3812 1725 3878 vocatam,
1734 3818 2036 3886 quaetumagram-

527 3885 685 3973 adpellata
707 3879 746 3969 est
757 3905 771 3961 ,·
806 3882 887 3947 nott.
905 3880 1031 3944 atticar.
1053 3878 1106 3946 lib.
1129 3883 1256 3946 XIII.
1299 3883 1418 3947 marica
1439 3879 1669 3967 rhetoricique,
1690 3900 1760 3949 tum
1779 3886 1818 3949 ab
1835 3906 1901 3952 mre
1921 3890 2035 3961 critica

528 3996 555 4042 c.
576 3974 663 4040 XVI.
678 3988 711 4057 p.
730 3990 772 4033 m.
790 3968 854 4052 3¹13.
891 3985 930 4049 tp.
995 3965 1257 4053 Comprehende·
1300 3964 1417 4045 differt,
1426 3967 1589 4032 scientiam
1602 3970 1784 4053 linguarum
1793 3971 1940 4056 solidam,
1950 3996 2036 4061 quae

528 4064 609 4127 bant
621 4054 856 4124 autemu'eteres
868 3985 970 4121 hocce
985 4052 1120 4121 nomme
1128 4056 1257 4140 linguae
1299 4056 1415 4120 eumin
1431 4057 1717 4138 earumpuritatem
1731 4075 1802 4124 tum
1816 4080 1925 4127 veram
1931 4082 1969 4127 ac
1977 4082 2035 4149 ge-

568 4166 675 4224 aecaea
697 4146 750 4210 cui
771 4143 948 4208 maximum
981 4142 1121 4226 pretium
1142 4137 1256 4207 statue·
1298 4142 1435 4207 nuinam
1452 4160 1571 4205 vocum
1590 4135 1864 4228 significationem,
1879 4149 2036 4235 inquirit,

552 4246 617 4309 ant,
632 4226 726 4315 ipiius
740 4250 871 4315 quoque
892 4228 1009 4295 latinae
1024 4224 1182 4307 studium,
1206 4248 1256 4294 ar-
1299 4228 1491 4312 intelligunt.
1535 4229 1566 4293 Si
1576 4226 1676 4310 usum,
1693 4234 1749 4315 qui
1766 4230 1865 4302 hodie
1954 4238 2036 4307 ueta?

529 4332 597 4385 tem
636 4338 711 4382 otro
726 4318 985 4403 grammaticam,
998 4314 1202 4394 rhetoricam,
1222 4314 1256 4380 ht
1298 4313 1541 4399 tatur,spe&es,
1551 4312 1737 4403 philologiae
1757 4340 1855 4401 voce,
1871 4322 1929 4407 qui
1975 4322 2036 4393 uid

530 4424 666 4494 poem,
695 4405 799 4469 immo
820 4403 855 4470 &
877 4402 978 4488 ipsam
999 4400 1185 4482 historiam,
1199 4422 1257 4465 an-
1298 4398 1340 4467 ad
1353 4400 1534 4486 linguatum
1557 4405 1780 4488 cognitionem
1793 4404 2036 4494 adcuratiorem

530 4492 715 4576 tiquitatum
738 4509 778 4554 ue
828 4491 1061 4575 cognitionem.
1140 4488 1255 4572 Atque
1321 4489 1452 4566 eminet,
1474 4485 1647 4563 indicatura
1671 4513 1746 4558 cum
1771 4492 1893 4558 litterae
1912 4514 2037 4569 contra

528 4577 645 4651 haecce
660 4510 767 4672 sturhia
778 4575 875 4639 etiam
887 4575 1040 4657 liberalia,
1053 4578 1194 4662 itemque
1201 4594 1255 4672 at·
1296 4509 1494 4671 humaniores
1505 4574 1667 4660 speciatim
1679 4576 1719 4644 ad
1733 4600 1878 4664 graecam
1898 4588 2037 4670 pariter,

529 4677 576 4737 trs
595 4659 735 4737 iberam
753 4677 969 4755 ingenuasque,
992 4659 1143 4748 &simili
1155 4677 1255 4736 tatto·
1296 4680 1335 4732 as
1346 4660 1483 4733 laruam
1495 4661 1639 4753 linguam
1650 4663 1841 4755 referantur,
1862 4686 1899 4739 vt
1918 4687 2041 4835 effi
