5259 5967
630 740 694 810 DE
724 738 1169 815 tvtttsritvouurin
1200 747 1618 824 uccttsrnsrrcn.
1841 775 1908 842 717

390 902 451 950 nee
475 874 665 975 negligenda
689 877 780 957 sunt,
805 897 880 942 cum
897 877 936 945 de
958 882 1124 966 principiis
1169 881 1384 950 conciliorum
1399 881 1544 967 decretis,
1559 888 1628 952 vim
1641 886 1748 972 legum
1763 863 1904 966 addidit]

389 971 467 1037 iuris
483 963 679 1034 ecclesiastici
692 964 795 1030 sermo
805 962 988 1034 instituitur.
1031 969 1124 1033 Sum·
1166 985 1201 1033 vt
1214 989 1251 1034 eit
1264 969 1393 1055 epistolis
1405 974 1472 1037 eius
1486 970 1572 1059 apud
1589 993 1632 1037 so
1642 994 1661 1037 c
1671 993 1692 1037 it
1702 994 1779 1039 aaa
1789 994 1828 1055 nr,
1842 998 1902 1041 so-

389 1076 446 1123 ma
471 1072 580 1121 autem
600 1051 733 1117 illorum
752 1048 816 1117 huc
837 1050 940 1118 redit:
972 1052 1123 1140 potestati
1166 1074 1399 1137 zomauvnr,
1430 1077 1774 1140 riicononrrvu,
1803 1063 1837 1127 &
1862 1083 1901 1129 ex

383 1142 592 1210 'summorum
608 1140 836 1294 imgerantium
853 1143 963 1205 omnia
979 1145 1014 1207 in
1028 1162 1121 1227 rcpu-
1165 1141 1429 1227 constitutionibus
1448 1147 1483 1210 in
1505 1165 1643 1232 vtroque
1658 1144 1771 1212 codice
1790 1148 1900 1233 liquet.

388 1230 473 1298 blica
488 1228 547 1296 ell'e
559 1225 646 1293 subie
680 1247 715 1301 a,
737 1225 899 1290 sacrorum
915 1227 1121 1314 &religionis
1166 1230 1357 1315 Exemplum
1372 1229 1577 1298 Constantini
1599 1233 1721 1316 sequuti
1742 1233 1815 1299 sunt
1830 1238 1899 1301 eius

389 1337 499 1384 curam
514 1336 553 1382 eo
567 1317 674 1380 minus
687 1316 725 1379 iis
739 1310 799 1379 effe
812 1312 1046 1400 negligendam,
1056 1332 1122 1401 quo
1165 1316 1374 1398 successores,
1396 1319 1578 1403 praesertim
1601 1316 1802 1387 Theodosius
1828 1342 1899 1387 iiia·

388 1402 511 1471 facilius
527 1398 600 1468 inde
616 1399 806 1486 reipublicae
831 1401 1041 1487 tranquillitas
1056 1421 1121 1468 tur·
1165 1422 1266 1489 gnus,
1288 1422 1324 1469 vt
1338 1403 1510 1486 excedite,
1526 1408 1582 1493 qui
1596 1409 1634 1472 ab
1650 1428 1690 1473 eo
1705 1426 1828 1474 nomen
1842 1409 1899 1474 ha-

388 1492 458 1558 bari
471 1486 593 1577 potesta
615 1486 668 1555 etsi
683 1507 763 1573 quae
777 1489 913 1569 credere,
920 1509 1121 1574 quaeuenon
1166 1493 1236 1568 bet,
1257 1507 1363 1575 patet,
1386 1494 1474 1558 cuius
1491 1509 1579 1559 totus
1595 1494 1673 1558 siber
1682 1494 1761 1559 XVI
1772 1491 1899 1559 exbibet

379 1572 517 1646 'credere
531 1573 681 1642 homines
696 1573 844 1653 debeant,
858 1577 897 1641 iis
913 1577 1120 1661 praescribere
1164 1575 1413 1645 constitutiones
1429 1577 1469 1645 ad
1484 1602 1530 1645 res
1545 1580 1578 1646 &
1593 1581 1741 1666 personas
1755 1577 1898 1648 ecclefia·

388 1662 847 1752 nequeant,sacrorumtamen
862 1661 1072 1730 diredlionem
1081 1667 1119 1728 iis
1162 1662 1450 1750 sticasspedlantes.
1493 1669 1690 1752 Cumprimis
1702 1688 1780 1733 vero
1791 1664 1897 1733 adhuc

386 1750 449 1819 den
489 1752 534 1816 ari
551 1772 619 1815 non
635 1747 743 1900 Kolsa
766 1746 883 1816 statum
899 1748 1119 1835 independen-
1164 1751 1473 1819 commemorandus
1491 1751 1820 1838 ipsemetlullinianus
1835 1755 1897 1819 im-

376 1850 455 1906 'tem
475 1857 633 1921 curempu
658 1838 753 1901 licam
766 1837 802 1900 in
815 1838 986 1922 republica,
994 1836 1120 1903 admitti
1163 1856 1305 1923 perator,
1322 1843 1411 1904 cuius
1424 1842 1562 1907 nouessae
1574 1838 1809 1927 constitutiones,
1825 1836 1899 1923 poll

387 1949 459 1994 nort
473 1924 577 2011 posse,
591 1920 687 2008 idque
703 1941 778 1986 cum
790 1921 926 2003 summa,
941 1943 1003 2009 qua
1017 1926 1120 2010 impe·
1163 1946 1287 1990 annum
1304 1944 1367 2005 535
1382 1924 1494 2006 editae,
1509 1932 1543 1993 in
1558 1921 1620 1994 fide
1633 1923 1792 1994 catholiea
1806 1924 1893 1994 adse·

375 2032 492 2083 'rantes
504 2008 645 2099 gaudent
663 2005 834 2095 potestate,
857 2029 874 2074 e
888 2005 1044 2075 diametro
1060 2033 1119 2098 pu·
1162 2010 1271 2090 reuda,
1285 2007 1464 2077 haeresibus
1479 2010 1707 2099 profligandis,
1721 2012 1898 2081 schismati·

432 2122 501 2176 are,
523 2102 559 2163 in
570 2097 734 2163 sacrorum
746 2091 923 2163 direslione
937 2093 1118 2165 adsalutem
1162 2098 1221 2165 bus
1235 2094 1396 2177 tollendis,
1405 2098 1513 2164 litibus
1522 2095 1895 2180 dirimendis,limilibus·

377 2122 430 2256 d?
447 2184 711 2271 tranquillitatem
741 2184 935 2268 reipublicae
960 2187 1003 2249 ita
1025 2184 1119 2270 respi-
1161 2204 1224 2271 que
1235 2187 1312 2251 iuris
1332 2181 1526 2252 ecclesiastici
1541 2185 1705 2253 versantur
1722 2206 1895 2273 argumen·

376 2272 557 2352 ciendum,
567 2288 601 2336 vt
615 2267 673 2357 ipsi
686 2290 796 2336 tamen
812 2270 959 2355 religioni
976 2292 1045 2336 non
1057 2290 1116 2335 no·
1160 2276 1214 2337 ris.
1260 2273 1386 2357 Dignae
1400 2276 1587 2358 cumprimis
1603 2272 1687 2353 sunt,
1697 2269 1738 2337 ad
1751 2293 1828 2358 quas
1847 2289 1896 2336 at·

385 2378 513 2435 ceature
535 2360 592 2425 celi
616 2360 725 2424 ionem
740 2360 774 2422 in
793 2355 824 2423 se
840 2358 923 2423 &ex
940 2358 1009 2422 solo
1024 2358 1115 2423 lumi·
1161 2356 1321 2437 tendatur,
1330 2357 1447 2424 mursa
1458 2365 1502 2424 Vl
1514 2363 1554 2431 τί
1565 2364 1705 2425 CXXIII.
1719 2357 1759 2425 de
1773 2356 1893 2443 episco-

384 2470 426 2516 ne
440 2447 574 2514 rationis
593 2379 783 2533 dpeslatam,
805 2444 928 2511 nullam
950 2442 1117 2512 admittere
1183 2448 1221 2524 is,
1228 2446 1348 2510 clericis
1361 2447 1395 2512 dt
1408 2446 1586 2524 monachis,
1595 2444 1775 2531 horumque
1789 2446 1896 2530 requi·

383 2534 610 2609 coadlionems
631 2528 695 2598 hoc
704 2552 812 2599 tamen
825 2551 894 2596 non
908 2528 1041 2611 obstare,
1050 2553 1116 2619 quo
1160 2467 1236 2612 fitis,
1245 2526 1367 2612 officio,
1382 2537 1598 2610 cosrcitiones
1618 2530 1737 2599 nouella
1751 2536 1846 2599 XXII
1860 2531 1895 2598 dc
1928 2524 1932 2533 ’

383 2628 492 2692 minus
501 2623 557 2708 qui
566 2620 622 2688 reli
645 2621 872 2685 ionisobtentu
886 2620 1117 2705 rempublicam
1165 2623 1274 2684 ctist.
1297 2616 1337 2685 de
1362 2621 1540 2706 nuptiis&
1564 2619 1740 2696 diuortiisi
1770 2616 1893 2685 nouella

375 2720 562 2800 'pacemque
576 2642 1117 2792 turlareadnituntur,compescam·
1160 2710 1333 2772 CXXXIII.
1361 2702 1400 2773 de
1426 2705 1626 2774 monasteriis
1653 2724 1720 2772 tam
1745 2708 1893 2772 virorum

385 2817 438 2866 tur
452 2803 714 2870 coerceantutuee
736 2795 806 2859 iura
825 2791 1001 2879 collegialia
1018 2794 1116 2860 eccle·
1160 2813 1258 2879 quarn
1280 2791 1473 2859 feminarum
1489 2794 1550 2859 dcc.
1616 2794 1708 2860 Plura
1729 2792 1769 2861 de
1789 2790 1894 2871 hisce,

387 2882 448 2953 siae
462 2888 498 2951 in
510 2882 671 2969 republica
688 2878 750 2948 deri
810 2882 922 2946 cinon
937 2878 1051 2965 posser
1082 2880 1116 2947 ἀ
1160 2881 1294 2966 aliisque
1308 2881 1566 2963 imperatoribus,
1581 2879 1635 2967 sup
1661 2880 1896 2948 editabitrrti·

386 2992 468 3061 quae
481 2972 601 3058 reliqua
610 2968 682 3035 sunt
695 2899 839 3038 eiusedeam
850 2968 983 3122 generis.
1158 2986 1250 3033 uer.
1266 2985 1402 3032 srauii
1412 2989 1430 3032 a
1440 2988 1486 3033 rai
1496 2985 1558 3046 vs,
1582 2970 1618 3033 in
1632 2903 1895 3136 dy'soraeccteſsast.

478 3053 765 3143 Qiemadmodum
790 3074 829 3124 ex
875 3048 1114 3121 asienus'didlis
1157 3053 1232 3119 noui
1245 3049 1634 3138 testem.firec.1V.p.881.·
1653 3074 1714 3119 aec.
1727 3056 1764 3121 V.
1775 3071 1809 3138 p.
1818 3069 1894 3135 1059.

373 3145 499 3234 'sponte
512 3145 566 3213 sua
579 3140 660 3223 fluit,
669 3142 812 3210 summos
827 3143 1018 3227 imperantes
1033 3140 1115 3227 leges
1148 3140 1230 3226 staec.
1241 3143 1293 3205 VI.
1303 3158 1338 3225 p.
1345 3160 1413 3226 1155·
1457 3143 1565 3207 Immo
1574 3140 1729 3207 Carolum
1738 3157 1896 3225 magnum

385 3236 426 3302 de
438 3235 531 3300 rebus
544 3228 584 3298 ad
598 3232 786 3317 religionem
815 3230 849 3295 dt
870 3224 1031 3294 ecclefiam
1047 3227 1116 3311 spe·
1157 3224 1283 3308 adhuc,
1299 3230 1430 3315 eiusque
1443 3224 1546 3295 filium
1560 3250 1597 3295 ac
1611 3227 1817 3295 successorem
1827 3224 1891 3289 Lu·

386 3322 547 3390 stantibus
561 3313 700 3383 condere
716 3312 821 3403 possea
843 3316 887 3380 ita
899 3318 997 3380 etiam
1008 3316 1116 3380 variae
1158 3312 1312 3383 douicum
1327 3317 1417 3400 pium
1451 3338 1525 3382 cum
1544 3316 1612 3380 aliis
1634 3316 1751 3381 summi
1766 3310 1895 3398 imperii

385 3401 546 3476 eiusmodi
569 3402 653 3489 leges
678 3402 713 3469 ἀ
741 3398 990 3469 constitutiones
1017 3403 1058 3466 ab
1075 3402 1114 3467 iis
1159 3362 1894 3488 circasatrapanilrus,facultatem‚legeseccle·

383 3490 547 3649 ffqfeffae
558 3487 832 3643 suntquateearsleot
840 3490 1115 3589 tertiumiurisec-
1158 3485 1442 3643 1s¹²sti⁶³⁵l,⁶“¹}di'
1458 3487 1636 3641 qqercuisse,
1652 3484 1893 3640 cffitusarr'ail·

417 3599 477 3646 eia
505 3599 546 3643 ici
572 3594 610 3644 ex
632 3595 708 3642 men
777 3595 817 3642 eit
833 3594 919 3643 entia
942 3597 983 3643 ue
1029 3593 1116 3642 cote·
1172 3595 1268 3641 orum
1288 3596 1306 3638 a
1329 3594 1374 3638 un
1397 3597 1413 3642 e
1434 3592 1464 3640 te
1492 3591 1597 3641 antur.
1700 3596 1741 3639 oc
1756 3590 1894 3639 nomine

383 3665 536 3737 stantium
544 3664 670 3731 sontem
679 3660 888 3729 constituunt.
920 3596 1116 3730 quertssvero
1159 3682 1268 3728 autem
1280 3659 1361 3748 leges
1376 3680 1447 3729 tum
1456 3656 1894 3744 ciuiles,tumecclefiaslieae

383 3755 516 3823 summis
529 3750 761 3837 imperantibus
773 3753 808 3815 in
828 3749 920 3814 rebus
936 3746 1116 3817 ecclesiasti·
1158 3749 1340 3815 veniebant.
1385 3748 1511 3836 Duplex
1521 3750 1756 3835 capitulorum
1790 3746 1893 3810 iorum

370 3845 430 3910 cis
444 3837 628 3905 facultatem
646 3841 802 3909 νομοθπαιῑν
821 3837 935 3918 tribui,
959 3858 1028 3903 non
1045 3855 1115 3902 tan·
1158 3856 1258 3924 genus
1271 3832 1371 3917 fuisse,
1380 3836 1440 3902 alia
1457 3840 1542 3924 regia
1560 3834 1754 3922 simpliciter,
1786 3826 1889 3912 otest,

384 3947 458 3996 tum
470 3924 537 4013 ipsa
551 3926 668 3991 summi
682 3925 770 4010 impe
790 3924 808 3936 '¹
827 3927 974 4009 quemuis
990 3922 1114 3990 condo·
1157 3926 1193 3989 in
1211 3918 1345 3988 consilio
1363 3927 1516 4009 principis
1534 3928 1688 4004 inuenta,
1712 3923 1747 3990 &
1760 3918 1892 3997 llatuta,

336 3944 1116 4186 ·{nimusrsnunii
1156 4001 1892 4183 saturansattributas

383 4187 616 4258 Constantinus
628 4207 662 4251 in
704 4182 838 4267 nus,etsi
853 4188 1064 4274 ceteroquine
1089 4187 1115 4251 i·
1157 4141 1347 4265 desidibus,
1360 4120 1722 4255 sarariapsaavzivs
1736 4171 1893 4260 dotet,arl

368 4274 676 4374 ‘scopinsacriueor
697 4274 856 4355 inis-ritis,
887 4273 1052 4360 liis,quam
1060 4207 1114 4341 de·
1158 4272 1306 4371 Regiaan.
1332 4271 1369 4336 de
1392 4272 1539 4359 drfirpla'n.
1561 4270 1706 4358 eccsefiast.
1726 4289 1800 4358 pag.
1813 4284 1892 4351 542·

384 4384 448 4448 eet,
460 4360 640 4439 indulserim
661 4380 729 4427 iure
743 4379 848 4428 tamen
861 4294 917 4427 dio
930 4364 1012 4428 cirea
1020 4359 1115 4442 bera,
1159 4356 1333 4444 Vtriusque
1348 4362 1470 4445 generis
1482 4361 1563 4448 leges
1579 4381 1653 4427 cum
1668 4357 1805 4424 Carolus
1823 4373 1894 4419 ma·

383 4471 421 4520 vt
433 4455 468 4519 in
480 4454 570 4533 aliis,
590 4452 634 4516 ita
644 4448 705 4520 hac
721 4467 787 4533 quo
811 4470 850 4515 ue
861 4451 896 4515 in
909 4468 960 4531 re,
975 4447 1046 4515 rsus
1062 4446 1115 4516 est.
1179 4466 1240 4511 nus
1254 4467 1291 4512 ac
1305 4441 1491 4513 Ludouicus
1506 4451 1577 4534 pius
1591 4449 1799 4532 imperatores
1814 4458 1894 4508 con·

364 4544 370 4637 J
383 4540 468 4607 Non
482 4556 608 4606 tantum
622 4539 712 4605 enim
727 4533 768 4602 de
782 4468 857 4617 ilde,
871 4532 912 4636 de
925 4532 1115 4617 memfibos,
1158 4466 1307 4601 didillent
1322 4555 1344 4632 ς.
1360 4553 1410 4598 eas
1425 4530 1500 4601 hinc
1517 4531 1595 4601 lnde
1614 4532 1780 4618 disperbs,
1803 4546 1893 4594 anno

382 4622 424 4695 de
438 4626 605 4715 episcopis,
618 4620 658 4692 de
671 4619 815 4705 ecclesiis,
830 4618 1058 4711 similibusque,
1071 4623 1116 4691 le·
1160 4630 1224 4703 827
1232 4620 1361 4706 collegit
1372 4639 1592 4689 susacisvs
1608 4616 1771 4688 Lobiensis
1785 4616 1892 4680 abbas.

363 4715 546 4811 '‘gestulits
567 4708 619 4785 sed
631 4710 811 4783 canoribus
825 4708 1055 4800 ecclesiasticis,
1078 4711 1116 4783 dt
1158 4708 1458 4880 Stamiaxitxitxniym
1473 4706 1678 4783 eedesieslica
1692 4704 1891 4875 catoliqui
