5259 5967
599 712 664 781 DE
686 706 1002 781 THEOLOGIA
1023 708 1250 781 THETICA
1272 713 1361 781 SEV
1384 714 1718 792 DOGMATICA.
1853 748 1914 813 339

392 868 539 953 scriptor.
555 866 620 945 suc.
643 865 706 945 leste
727 881 761 947 p.
782 882 864 945 444.
901 860 1045 926 obseruat
1079 881 1133 927 io.
1176 860 1319 927 biblioth.
1333 860 1460 947 theolog.
1472 866 1540 929 crit.
1553 884 1639 949 part.
1653 872 1696 934 H.
1711 869 1764 935 lib.
1782 874 1868 937 VIII.
1882 850 1908 942 c,

402 975 514 1021 snio.
538 972 595 1017 Ma
607 972 752 1028 rcavs,
775 952 808 1013 in
817 948 932 1031 ecclipli
942 966 1065 1031 papien
1074 952 1134 1011 Lu·
1177 952 1236 1013 Ill.
1251 956 1281 1029 §.
1300 952 1386 1013 VIII.
1399 968 1431 1033 p.
1452 952 1515 1030 627.
1523 954 1606 1037 fiqq.
1652 956 1870 1025 Catechismos
1888 984 1906 1027 a

399 1040 552 1107 therasiae
566 1041 727 1121 rcfiirmat.
738 1052 876 1120 patrona
890 1038 927 1105 ὅ
939 1033 1064 1113 cliente,
1076 1034 1132 1116 ilis
1176 1033 1320 1101 societati
1346 1036 1413 1101 lesu
1429 1034 1563 1104 addictis
1585 1040 1735 1127 scriptos,
1758 1046 1792 1109 in
1816 1068 1906 1111 com.

390 1132 469 1213 sert.
484 1130 526 1191 II.
540 1146 563 1193 c.
579 1126 636 1189 IV.
650 1136 684 1203 q.
699 1127 740 1187 Il.
751 1144 784 1207 p.
792 1144 851 1206 94.
896 1124 1019 1186 Praeter
1033 1120 1134 1187 huuc·
1177 1120 1297 1207 pendio
1312 1122 1438 1189 exhibet
1457 1126 1569 1191 auslor
1581 1130 1726 1214 imaginis
1736 1132 1835 1213 primi
1838 1135 1907 1215 sae·

401 1238 441 1281 ce
459 1210 687 1279 catechismum
707 1230 903 1287 romanum,
923 1211 977 1293 qui
1006 1209 1134 1291 publica
1174 1210 1396 1291 crilificictatis
1410 1211 1490 1291 Iesu,
1509 1213 1563 1279 lib.
1584 1219 1643 1280 III.
1667 1238 1692 1280 c.
1713 1220 1767 1284 VI.
1783 1238 1817 1303 p.
1833 1241 1907 1303 554.

402 1301 598 1367 auctoritate
612 1296 714 1363 editus
730 1294 792 1376 est,
817 1298 852 1363 bc
866 1298 920 1360 alii
941 1317 1040 1383 quam
1056 1297 1134 1380 plu·
1178 1298 1320 1363 &exeo
1340 1318 1391 1362 ιο.
1413 1321 1520 1365 taio.
1544 1323 1750 1383 Mnicnvs,
1773 1308 1806 1369 in
1822 1309 1907 1371 cccle-

403 1392 481 1456 timi
505 1383 671 1452 iraeadem
697 1381 843 1461 ecclelia,
866 1406 885 1446 a
903 1381 1045 1448 societati
1069 1381 1133 1447 lesu
1167 1383 1217 1467 sta
1226 1404 1368 1467 papiro,
1382 1385 1579 1451 Lritlirranat
1592 1394 1750 1472 refirmari.
1770 1412 1906 1475 patrona

403 1478 546 1541 maxime
560 1470 709 1549 addistis,
732 1474 919 1536 concinnati
932 1469 1026 1545 sunt,
1051 1490 1133 1555 quos
1177 1472 1215 1541 ὅ
1228 1471 1352 1551 dicate,
1366 1472 1509 1555 diffitear.
1522 1479 1564 1537 II.
1579 1497 1605 1541 c.
1622 1482 1678 1541 IV.
1694 1487 1723 1558 §.
1740 1483 1794 1543 IV.
1808 1482 1906 1564 qui&

402 1566 489 1629 inter
514 1558 602 1627 haud
629 1562 780 1623 ultimum
808 1559 918 1622 locum
941 1576 1047 1633 tenet,
1077 1556 1134 1640 qui
1177 1578 1215 1623 ex
1242 1579 1427 1623 carituri
1464 1581 1695 1629 nuncnunc
1722 1566 1907 1631 bibliotheca

402 1671 493 1716 aar.
527 1666 732 1713 cnaisivit
772 1645 934 1711 auclorem
981 1643 1133 1729 agnoscit.
1167 1646 1354 1729 Jiri'ptoiam
1364 1648 1522 1728 finiemus
1547 1651 1632 1730 lisa,
1655 1655 1785 1736 eiusque
1803 1658 1907 1719 conti-

401 1739 549 1803 Maxima
564 1736 651 1799 enim
665 1735 815 1797 omnium
831 1730 893 1796 sete
906 1734 942 1795 in
957 1731 1015 1796 hac
1039 1730 1135 1797 eccle-
1179 1736 1334 1797 niiatione
1357 1754 1374 1795 a
1395 1755 1606 1799 sorvutuo
1627 1734 1801 1817 adornata,
1824 1758 1908 1807 care-

402 1822 450 1891 sta
465 1817 665 1906 exceptusesl
680 1818 931 1906 adprobatione,
950 1820 1135 1885 &iniurias
1177 1816 1299 1899 choses,
1328 1821 1362 1883 in
1380 1823 1480 1885 varias
1504 1823 1653 1907 linguas,
1679 1824 1908 1910 aethiopicam,

403 1930 537 1997 quoque
550 1910 673 1993 linguas
684 1907 867 1972 conuersus.
911 1903 1131 1969 Feidinandit
1179 1902 1558 1987 bt.isiiicam,arabicant,
1579 1910 1755 1989 olitanam,
1783 1916 1815 1979 dc
1839 1936 1909 1979 ma·

400 1999 606 2083 imperatoris
631 1994 711 2059 iussii
725 1998 756 2060 de
778 1994 947 2057 voluntate
966 1990 1135 2057 inductum
1178 1996 1367 2069 roiiiticani,
1382 1995 1521 2077 aliasque
1540 2018 1558 2059 a
1579 1995 1699 2061 lel'uitis
1723 2000 1907 2081 translatas,

403 2104 581 2151 canisio
589 2103 628 2161 ii,
637 2079 760 2147 huncce
773 2084 806 2145 in
820 2079 851 2144 se
866 2078 1026 2165 suscepisse
1044 2079 1133 2143 labo·
1178 2084 1439 2145 commemoratis
1458 2084 1490 2147 dc
1510 2078 1704 2168 lingularum
1726 2084 1909 2153 versonum

403 2194 491 2251 rem,
514 2192 538 2235 rt
554 2192 564 2233 1
581 2191 612 2234 c.
639 2187 914 2233 oataaoiavs
937 2166 1051 2232 auctor
1071 2162 1134 2243 est,
1176 2166 1379 2245 auiloiibus,
1396 2168 1545 2233 recenset.
1588 2172 1765 2251 Nimirum,
1775 2196 1909 2239 cumto-

401 2258 508 2345 baylon
520 2259 581 2339 sic.
597 2258 678 2335 lise,
694 2256 746 2319 lili.
767 2258 850 2318 XII'.
867 2274 951 2317 auin.
970 2256 1084 2317 XLIII.
1102 2269 1135 2334 p.
1178 2275 1275 2318 mana
1297 2251 1423 2317 ecclelia
1444 2252 1477 2319 id
1500 2276 1589 2339 agat,
1621 2276 1655 2320 vt
1677 2257 1809 2325 subinde
1831 2260 1909 2328 sicii

402 2368 474 2429 459.
519 2347 567 2408 De
578 2344 694 2407 maiori
705 2362 813 2407 autem
829 2340 1025 2425 praesertim,
1045 2335 1135 2423 quod
1178 2335 1302 2405 ordinis
1325 2342 1411 2405 viros
1441 2344 1475 2405 in
1496 2341 1591 2427 longe
1616 2340 1733 2411 dissitas
1760 2350 1909 2432 regiones

403 2426 1134 2513 diximus,ei·.isintelligendumeilratctliifmo,
1178 2430 1309 2503 mittat,
1345 2430 1400 2511 qui
1424 2430 1555 2512 gentiles
1582 2447 1637 2493 aut
1664 2430 1838 2497 haereticos
1868 2432 1909 2499 ad

402 2523 462 2607 qui
477 2519 511 2585 dc
526 2514 691 2581 iniustum
707 2519 846 2581 excreuit
860 2518 1034 2588 volumen,
1048 2512 1134 2596 post·
1178 2507 1341 2600 pontificis
1352 2513 1540 2598 obsequium
1554 2514 1717 2595 reducant,
1725 2517 1910 2584 conuersio-

428 2628 503 2672 uam
519 2626 602 2669 nur.
627 2624 721 2667 nvsa
733 2624 815 2680 svs,
830 2605 951 2686 integra
966 2597 1080 2665 adiecit
1090 2618 1134 2663 te·
1177 2623 1253 2665 nem
1272 2596 1312 2663 ad
1327 2602 1514 2684 religionem
1535 2602 1739 2669 christianam
1759 2608 1910 2671 obtentui

402 2630 576 2769 lirinensi,
589 2711 670 2773 quae
684 2714 703 2755 a
716 2710 735 2753 c
746 2708 817 2754 aar
829 2710 892 2753 sto
905 2690 1088 2771 inmatgine
1097 2685 1134 2747 li·
1178 2686 1356 2763 sumentes,
1378 2687 1559 2752 consultum
1575 2688 1909 2775 duxerunt,'quihaec-

399 2782 453 2849 bri
469 2798 595 2843 tantum
607 2795 694 2842 etam
711 2774 857 2841 indicata.
903 2772 1079 2839 ldenivero
1101 2772 1136 2837 ec
1179 2770 1361 2839 ceconlilia
1385 2796 1578 2857 promouere
1600 2776 1728 2843 suarum
1751 2778 1910 2847 duxerunt

403 2866 610 2953 institutiones
628 2862 810 2948 christianae
823 2863 968 2945 picturis,
989 2859 1042 2925 scu
1059 2877 1136 2941 par·
1180 2858 1430 2943 dispertium,
1461 2882 1543 2945 quos
1576 2866 1661 2928 inter
1678 2864 1820 2933 societati
1841 2866 1910 2934 lesu

402 2976 480 3021 riusa
493 2951 711 3017 cariosorum
731 2951 958 3030 catechismum,
980 2948 1016 3011 in
1030 2945 1136 3009 lucem
1177 2943 1326 3029 adscripti
1341 2949 1501 3026 eminent,
1525 2947 1750 3017 catechismum
1761 2957 1796 3018 in
1809 2957 1911 3019 varias

403 3038 533 3118 emisit,
556 3042 611 3123 qui
624 3060 691 3101 non
712 3040 832 3101 minori
851 3038 1001 3099 omnium
1020 3028 1134 3115 adpro·
1179 3036 1265 3099 orbis
1281 3035 1403 3118 linguas
1417 3034 1590 3115 transferre,
1599 3056 1635 3101 vt
1648 3060 1688 3103 eo
1705 3037 1911 3125 t'eliciusgen·

405 3132 541 3195 batione
558 3144 719 3209 exceptus,
737 3124 768 3187 dc
786 3125 821 3185 in
836 3124 937 3186 varias
953 3118 1065 3186 itidem
1075 3121 1136 3182 lin·
1180 3140 1226 3185 tes
1252 3122 1363 3205 primis
1379 3120 1540 3207 religionis
1562 3122 1750 3193 christianae
1769 3127 1910 3194 elemen-

404 3236 484 3303 guas
500 3214 666 3278 translatus
680 3207 732 3273 esi.
763 3211 892 3293 Sequuti
909 3206 1055 3291 deinceps
1069 3206 1135 3285 alii,
1180 3210 1220 3272 tis
1245 3203 1285 3270 ad
1319 3226 1463 3271 mentem
1495 3208 1736 3277 romanensium
1767 3215 1910 3281 imbuere

406 3306 444 3371 δε
464 3305 500 3365 in
517 3294 750 3363 concinnandis
769 3294 963 3361 catechismis
986 3292 1134 3369 lludiuiu,
1178 3313 1309 3379 queant.
1366 3294 1453 3360 Hinc
1478 3298 1587 3382 itaque
1614 3318 1702 3365 tanta
1725 3298 1909 3366 versionum

405 3406 604 3473 operamque
617 3384 703 3449 iiiam
718 3384 934 3462 collocarunt,
955 3402 1039 3464 quos
1054 3383 1137 3444 inter
1179 3378 1392 3447 catechismia
1414 3382 1532 3447 leluitis
1554 3384 1772 3453 consessurum
1793 3384 1909 3455 exstitit

405 3478 651 3541 eminentiori.
675 3490 991 3545 tristissimus,
1006 3470 1040 3530 iii
1055 3464 1135 3530 cliri-
1178 3464 1366 3533 multitudo
1390 3468 1455 3555 Qui
1470 3488 1578 3533 tamen
1593 3474 1701 3553 paullo
1715 3471 1908 3554 adcuratius,

393 3562 524 3651 stiones
566 3560 724 3623 clollriiac
766 3557 882 3639 copiosi
923 3553 1136 3636 inplicabunt,
1177 3577 1245 3640 quo
1259 3555 1355 3639 pacho
1371 3556 1405 3618 in
1417 3557 1777 3639 gentiuinconueilione
1787 3562 1909 3625 vcrl'en-

404 3667 556 3717 raiac.
577 3664 805 3720 cosirnvs,
827 3645 863 3707 in
884 3639 1059 3722 citiibismo
1080 3640 1136 3701 clu·
1179 3662 1248 3719 rur,
1271 3636 1532 3719 considerautur,
1548 3637 1779 3727 deprehendet,
1793 3667 1849 3711 eos
1868 3644 1909 3714 de

399 3733 701 3823 plici,l1reiiiori&
718 3730 902 3813 prolixiori,
926 3750 976 3793 io.
1000 3746 1134 3793 iicsst·
1178 3730 1289 3793 ritibus
1312 3731 1422 3812 potius
1433 3771 1445 3806 ,
1469 3730 1729 3795 &caerimoniis
1755 3752 1909 3799 romanae

406 3842 515 3899 eivs,
538 3840 685 3883 uvoov.
709 3835 1020 3893 cessariensis,
1035 3814 1069 3880 bc
1088 3834 1135 3877 re·
1179 3811 1324 3881 ecclefiae
1346 3816 1462 3899 ubique
1481 3813 1739 3897 introducendis,
1755 3816 1908 3905 quamde

409 3910 505 3991 liqui,
520 3927 600 3991 quos
624 3904 783 3970 recensere
802 3924 916 3967 omnes
937 3903 1072 3987 longum
1086 3902 1135 3963 ni·
1178 3900 1326 3967 dobrina
1345 3898 1512 3967 christiana
1532 3902 1762 3989 propaganda,
1791 3906 1907 3971 sollici·

407 3998 488 4074 mis,
510 3996 689 4079 pariterque
704 3988 880 4055 taediosum
900 3988 992 4055 rotet.
1037 3988 1133 4052 Pluti-
1178 3986 1313 4054 toselse.
1358 3988 1569 4055 Obseruatum
1583 3989 1646 4055 hoc
1661 3994 1725 4055 iam
1744 3992 1907 4073 aliis‚nu·

406 4102 481 4151 mos
497 4077 603 4145 laudat
616 4101 665 4144 io.
682 4098 803 4143 utun.
826 4098 988 4143 noctiis
999 4096 1134 4154 coasts,
1179 4096 1321 4162 petvero
1336 4076 1511 4141 luculenter
1525 4074 1756 4143 demonstrauit
1775 4100 1908 4144 unsv-

405 4173 447 4239 in
458 4165 687 4233 bibliothecario
702 4166 946 4249 quadripartito,
961 4163 1013 4226 lili.
1030 4166 1088 4226 III.
1109 4182 1134 4224 c.
1177 4184 1301 4231 ninus
1329 4184 1594 4230 vitissicaivs
1624 4185 1674 4230 ua
1704 4187 1847 4241 cnozit,
1870 4167 1907 4231 in

406 4262 437 4325 I.
458 4276 491 4339 p.
504 4256 568 4337 336.
589 4252 766 4317 nonnuilos
785 4274 933 4336 quoque,
950 4252 1135 4332 cumprimis
1178 4250 1305 4335 bisloria
1343 4248 1556 4335 christianismi
1588 4252 1758 4333 Indorum,
1794 4255 1907 4339 gallice

407 4348 467 4429 qui
479 4342 631 4426 gallicana
652 4340 760 4424 lingua
781 4338 988 4406 catechismos
1010 4334 1136 4420 scripse·
1178 4338 1310 4422 scripta,
1324 4336 1378 4403 lib.
1394 4341 1434 4401 ll.
1450 4339 1488 4407 65
1502 4341 1562 4404 III.
1576 4358 1611 4423 p.
1622 4352 1674 4415 87.
1685 4341 1768 4424 fiqq.
1804 4342 1907 4407 Prius-

409 4446 504 4505 runt,
525 4448 576 4492 io.
599 4448 792 4492 iiiuiuuo
805 4446 920 4506 atvs,
943 4428 978 4489 iu
997 4425 1135 4508 cirtalogo
1179 4444 1315 4510 quama
1335 4423 1577 4491 romanensibus
1600 4422 1780 4506 discedam,
1803 4427 1906 4493 facere

406 4516 593 4599 optimorum
607 4514 772 4592 librorum,
792 4516 857 4579 eius
871 4512 1136 4597 tractatuiitestu-
1180 4533 1325 4597 nequeo,
1348 4514 1427 4595 quin
1447 4532 1623 4579 convoti
1654 4533 1822 4581 curvati
1849 4510 1905 4579 ad·

405 4603 471 4671 diis
482 4600 653 4687 monasticis
667 4602 825 4681 subnexo,
840 4620 923 4664 num.
936 4603 1024 4663 XIII.
1031 4618 1065 4684 p.
1073 4602 1137 4665 til.
1181 4598 1244 4665 huc
1257 4600 1399 4663 iniiciam
1419 4602 1645 4680 mentionem,
1676 4604 1763 4667 cuius
1786 4604 1907 4685 quippo

405 4685 584 4763 Addendus
597 4710 649 4757 io.
672 4708 920 4757 canistoin.
947 4706 1137 4770 ooaaivs,
1177 4684 1372 4839 cateclplsmus
1382 4684 1549 4775 hilliricus,
1557 4691 1591 4757 in
1600 4689 1771 4778 compendio
1779 4686 1905 4843 cataple-

1303 4790 1370 4842 uz
1853 4792 1906 4839 ens
