5259 5967
540 707 606 785 978
823 692 958 763 irunt
979 686 1333 761 posterioris
1364 630 1541 756 CAsVT
1568 685 1780 755 PRIMVM

908 802 944 811 ...-
996 798 1357 813 Μ
1374 786 2061 812 -ῤ--ᾞ

541 834 646 899 licana
659 829 779 915 scripsit
793 832 824 896 la
838 831 987 919 theologie
1001 833 1175 899 cliretienne
1191 835 1230 905 θ’
1244 832 1277 897 ti
1320 833 1431 917 ologia
1446 828 1596 896 historica
1605 829 1731 895 solliciti
1745 828 1884 907 suerunt,
1894 849 1985 895 nunc
1995 850 2056 895 no·

532 922 650 1005 sciente
662 919 706 982 do
710 918 798 997 fiatur
812 920 876 989 &n
893 918 989 1000 idest,
1003 920 1187 1006 theologiam
1196 919 1277 985 cliri-
1322 922 1370 985 bis
1386 918 1490 985 sermo
1511 938 1580 982 non
1603 914 1663 991 esti
1685 937 1759 981 cum
1781 913 1819 982 de
1850 917 1993 999 virisque
2018 918 2052 980 in

533 1004 685 1092 flientm,
696 1006 735 1073 (ἔ
736 1006 899 1087 scientiam
904 1007 1195 1094 fiilietisfflinqua
1206 1026 1278 1073 non
1320 1007 1521 1092 sequentibus
1552 1001 1723 1070 dicendum
1758 1000 1807 1069 fit.
1852 1022 2052 1068 crinisroru.

543 1107 681 1169 tantum,
696 1107 730 1154 vt
742 1090 908 1178 inscriptio
922 1115 1021 1179 porro
1037 1092 1144 1176 docet,
1162 1098 1277 1161 verita·
1321 1114 1470 1161 srnrrri
1488 1111 1721 1171 .irirr1vs,
1758 1092 1807 1155 vit
1842 1082 2054 1168 dodillimus,

545 1193 602 1256 tes,
618 1179 652 1242 in
666 1176 820 1261 scriptura
840 1179 930 1263 sacra¹
949 1182 1111 1263 reuelatas‚
1132 1186 1276 1266 exponit,
1321 1202 1396 1249 cuni
1411 1176 1629 1267 quorumdam
1643 1177 1842 1263 Anglorum,
1856 1196 1999 1262 quorum
2013 1172 2054 1241 ad

546 1268 716 1332 &errores
731 1268 769 1329 iis
783 1265 951 1351 oppositos
965 1267 1090 1351 refellit,
1108 1268 1160 1336 sed
1178 1266 1276 1335 histo·
1320 1267 1537 1354 dogmaticam
1552 1264 1752 1350 theologiam
1774 1263 1913 1351 spedlare
1927 1261 2052 1349 scripti,

546 1354 630 1417 riam
667 1372 798 1436 quoque
834 1357 1082 1439 praecipuorum
1118 1378 1276 1438 errorum,
1321 1354 1487 1433 existimat,
1502 1355 1702 1420 mentionem
1726 1350 1854 1431 iecisset,
1876 1347 1984 1416 addit:
2007 1356 2052 1416 At

545 1438 780 1523 sententiasque
794 1458 932 1521 patrum,
957 1440 1162 1529 &quidquid
1180 1446 1215 1510 in
1229 1441 1278 1509 hi·
1321 1464 1392 1510 otro
1405 1441 1611 1527 theologorum
1628 1440 1797 1526 Anglorom
1810 1460 1872 1503 non
1895 1436 1946 1523 est,
1962 1435 2053 1518 [ώσ-

546 1522 643 1591 storia
657 1521 860 1591 ecclesiastica
877 1531 1017 1595 maxime
1036 1530 1206 1597 obseruatu
1229 1529 1279 1597 di·
1321 1526 1772 1619 iustitisrerumereolntionibus
1789 1523 2052 1606 inhiarnst'delt·

547 1630 662 1695 gnum,
676 1610 812 1677 exhibet.
854 1613 894 1677 ln
909 1615 1007 1679 altera
1027 1614 1168 1684 editione
1187 1639 1278 1703 prae·
1314 1619 1408 1705 genti
1420 1618 1550 1682 dilliono
1565 1615 1749 1696 &stennon
1768 1630 1861 1699 etque
1866 1610 2051 1697 simpliciore

546 1713 595 1761 ter
609 1715 797 1783 argumenta
820 1719 920 1780 noua,
939 1698 1039 1768 thesin
1059 1708 1278 1790 comprobari·
1321 1704 1496 1782 ratiocinio,
1518 1717 1627 1765 vocate
1644 1703 1682 1770 θ’
1701 1702 1734 1763 in
1744 1715 1852 1783 portes
1874 1700 1985 1764 veteris
2006 1718 2052 1761 ec-

546 1786 604 1863 tia,
618 1786 766 1869 variaque
777 1802 922 1851 veterum
942 1811 980 1855 ac
992 1794 1205 1858 recentiorum
1219 1790 1278 1859 do·
1321 1791 1422 1876 tlefiae
1439 1790 1619 1869 traditione,
1631 1789 1694 1870 stra
1714 1787 1855 1865 tradere,
1879 1788 1913 1851 in
1935 1785 2052 1849 introii.

548 1871 678 1937 diorum
700 1868 895 1953 testimonia,
909 1876 1023 1955 aliaue,
1041 1882 1163 1964 integra
1177 1877 1280 1947 acces·
1322 1880 1356 1943 in
1374 1876 1534 2028 hwa*
1560 1874 1728 2026 theologiae
1749 1873 1947 1955 litterariam,
1969 1872 2053 1937 notis

542 1956 656 2026 serunt
670 1979 706 2022 ca
731 1960 788 2038 ita,
804 1980 830 2025 e.
846 1980 876 2046 g.
891 1958 931 2026 de
945 1964 1085 2031 articulis
1089 1967 1278 2048 fundamen·
1321 1967 1419 2049 empi
1447 1964 1506 2027 mis
1520 1960 1627 2049 illustr.
1663 1961 1705 2026 t'lt·
1728 1963 1769 2026 Π·
1786 1972 1821 2041 s·
1850 1964 1921 2026 VH·
1935 1977 1971 2044 P·
1989 1978 2052 2042 ²53·

548 2044 677 2123 talibus,
717 2045 809 2110 ediis
819 2048 994 2132 gentilium,
1009 2072 1138 2135 quornm
1156 2056 1191 2118 in
1199 2052 1278 2137 scri-
1321 2047 1489 2131 Addenda,
1508 2070 1589 2135 quae
1610 2045 1697 2114 idem
1723 2049 1760 2112 in
1774 2048 1998 2134 prolegomenis
2021 2055 2051 2128 ς.

543 2146 644 2216 ptura
657 2130 798 2194 inlicitur
809 2135 934 2215 mentio,
947 2133 988 2201 de
1006 2139 1215 2225 indulgentiis,
1239 2136 1278 2205 de
1323 2144 1377 2205 VI.
1387 2155 1421 2222 p.
1428 2142 1480 2220 56.
1494 2134 1533 2201 de
1548 2137 1673 2202 ratione
1687 2131 1887 2219 theologiam
1910 2132 2069 2201 tractari.

548 2218 693 2297 iuoitaeo,
709 2214 876 2284 devnione
899 2221 1148 2291 Lntberanorum
1169 2229 1208 2298 εἴ
1229 2247 1277 2290 re·
1322 2223 1355 2292 di
1378 2221 1464 2310 apud
1489 2224 1612 2308 Anglos
1636 2218 1761 2299 usitata,
1784 2220 1912 2287 disserit.
1979 2222 2051 2285 Nec

540 2307 771 2389 firmatorum,
809 2307 843 2372 ὅ(
862 2328 943 2392 quae
963 2310 1026 2375 alia
1044 2312 1118 2378 sunt
1136 2310 1278 2378 eiusdem
1321 2307 1652 2400 praetermittendum,
1668 2306 1756 2393 quod
1773 2329 1825 2373 ro.
1841 2328 1922 2373 itii.
1934 2308 2052 2373 irinin

548 2392 682 2477 generis.
727 2389 838 2457 Verfio
853 2399 1035 2479 germanica
1058 2394 1278 2484 praestantissi-
1320 2395 1493 2483 ecclesiaste,
1530 2416 1626 2481 quem
1646 2416 1683 2461 ex
1704 2396 1869 2479 anglicana
1889 2394 2002 2481 lingua
2016 2396 2051 2457 in

548 2480 596 2543 mi
612 2476 707 2543 huius
720 2480 824 2563 operis
836 2478 958 2565 prodiit
973 2483 1095 2569 Lipsiae
1110 2502 1193 2566 1723
1215 2483 1273 2551 du·
1321 2486 1535 2573 germanicam
1551 2479 1708 2546 transtulit
1726 2504 1749 2548 ii
1761 2502 1848 2547 rure.
1869 2500 2053 2546 irriserin-

547 2564 633 2631 obus
648 2568 745 2630 tomis
757 2568 793 2631 in
805 2585 837 2643 4.
879 2568 955 2651 Eos,
970 2590 1052 2655 quos
1069 2592 1106 2637 eir
1123 2572 1276 2638 reforma·
1322 2572 1482 2653 ormfiil.
1499 2572 1556 2634 Ill.
1574 2586 1608 2652 p.
1622 2573 1686 2632 ton
1708 2590 1745 2633 ex
1765 2568 1943 2643 Germanis,
1968 2566 2052 2634 Hel·

549 2666 602 2718 tae
638 2650 783 2717 ecclesiae
827 2652 1034 2738 scriptoribus
1074 2654 1278 2745 systematicis
1321 2662 1425 2735 uenis,
1441 2656 1552 2742 Belgis,
1569 2658 1674 2720 varios
1690 2653 1901 2741 systematicae
1918 2650 2052 2719 theolo-

547 2736 1058 2824 praetermisimus,suppeditabit
1080 2764 1279 2810 ciiiisroru.
1323 2748 1393 2831 giae
1413 2743 1590 2827 scriptores,
1627 2762 1665 2808 ex
1683 2743 1795 2829 Anglii
1810 2743 1863 2807 vix
1884 2760 1990 2806 vnutn
2004 2739 2050 2804 al·

550 2843 706 2889 marris.
723 2844 929 2905 erarrrvs,
941 2829 976 2891 in
995 2830 1161 2896 inereduli.
1179 2830 1278 2895 arihi-
1322 2850 1467 2898 terumue
1482 2826 1598 2895 laudet.

538 2906 619 2999 flor.
633 2910 727 2977 litter.
747 2909 875 2997 theolog.
901 2916 984 2979 notis
1003 2914 1187 3001 empliffimis
1208 2916 1279 2981 illn-
1409 2912 1461 2982 nd
1476 2916 1629 3001 reliquos,
1642 2914 1697 2999 qui
1712 2936 1729 2979 a
1743 2914 1838 2979 nobis
1851 2910 2051 2996 dissentiunt,

539 2996 635 3086 strat.
650 2996 702 3062 lib.
716 3001 758 3062 11.
775 3007 805 3080 §.
831 3004 865 3065 V
864 3003 919 3065 ΙΙΙ.
930 3018 965 3083 p.
981 3014 1044 3083 258.
1049 3006 1133 3088 fiqq.
1321 2999 1411 3155 quod
1425 3005 1551 3083 attinet,
1576 3004 1694 3065 rariora
1711 2998 1798 3085 apud
1818 3022 1873 3066 eos
1893 3022 2051 3085 compen·

635 3087 686 3150 De
708 3085 739 3149 A
784 3085 820 3150 lis
845 3084 997 3152 hasienus
1022 3091 1105 3156 nihil
1126 3086 1276 3169 diximus,
1345 3092 1375 3154 ia
1390 3110 1428 3153 ac
1443 3086 1607 3175 systemata
1629 3083 1837 3171 deprehendi,
1853 3090 2050 3151 mirumnon

549 3168 637 3251 apud
651 3192 733 3252 quos
750 3187 761 3231 t
787 3170 950 3253 eologiain
964 3171 1183 3241 scholasticam
1202 3194 1278 3239 ante
1323 3174 1378 3253 est,
1392 3198 1467 3240 curn
1481 3198 1539 3241 nec
1561 3174 1683 3240 scholas
1704 3175 1861 3258 publicas,
1887 3172 1910 3241 li
1927 3175 1966 3238 ab
1989 3175 2051 3236 Ar·

547 3251 693 3318 ecclesiae
707 3252 966 3321 emendationem
989 3260 1039 3325 vel
1059 3264 1198 3326 maxime
1212 3257 1278 3325 'flo-
1321 3264 1472 3327 miniariis
1485 3260 1663 3338 discesseris,
1680 3280 1737 3324 nec
1751 3258 1929 3325 academias
1951 3259 2052 3325 habe-

548 3337 652 3413 tuille,
661 3336 796 3403 constat.
840 3338 900 3406 Sed
914 3362 972 3408 nec
985 3344 1058 3428 poll
1078 3367 1149 3411 eam
1171 3345 1277 3412 defue-
1321 3366 1388 3425 ant,
1407 3367 1462 3412 aut
1480 3346 1501 3413 si
1516 3370 1593 3433 quas
1608 3344 1795 3427 hahuerunt,
1812 3352 1863 3411 eis
1877 3346 2053 3425 amiserint,

548 3441 633 3502 runt,
647 3427 703 3509 qui
724 3424 917 3510 compendia
946 3452 982 3495 ac
1001 3430 1164 3516 systemata
1185 3432 1277 3498 theo·
1320 3436 1483 3520 inquibus
1499 3453 1580 3520 quae
1602 3431 1810 3499 instituuntur
1829 3434 2052 3513 recitationes,

546 3508 861 3596 logicaconderent,·
907 3537 964 3581 uos
986 3520 1072 3585 inter
1096 3518 1162 3604 ipse
1184 3541 1276 3586 ruo.
1321 3521 1477 3606 plerisque
1512 3515 1670 3586 eiusmodi
1699 3519 1818 3605 scriptis
1847 3516 2054 3587 occasionem

548 3536 940 3680 canumenvs,atchle
965 3604 1091 3691 iscopus
1106 3606 1277 3672 Cantuari·
1345 3608 1483 3674 racbent.
1549 3607 1594 3669 Ex
1613 3605 1811 3671 Arminianis
1837 3605 1888 3672 seu
1915 3622 2053 3672 remon·

547 3681 640 3763 ensis,
667 3684 864 3753 &strenuus
886 3626 1053 3757 dodrinae
1076 3693 1278 3778 euangelicae
1318 3629 1488 3759 hiantibus
1504 3710 1638 3757 sinon
1660 3712 1900 3757 eriscoelvs
1922 3691 2053 3777 institu-

545 3772 583 3835 in
603 3770 720 3856 Anglia
744 3790 927 3858 promotor,
950 3774 1036 3841 haud
1056 3777 1205 3843 ultimum
1228 3778 1277 3842 lo·
1320 3778 1688 3864 tionumtbrologictrnm
1703 3779 1796 3843 libros
1814 3796 1946 3863 quatuor
1969 3780 2050 3843 reli·

547 3879 623 3922 cuni
637 3874 742 3934 tenete
765 3862 884 3945 quippe
898 3863 953 3947 qui
973 3880 1097 3947 praeter
1117 3866 1189 3943 alia,
1213 3862 1276 3929 huc
1321 3866 1410 3951 quit,-
1433 3883 1466 3931 at
1486 3865 1558 3949 post
1578 3886 1717 3929 moriem
1739 3863 1868 3931 denium
1890 3868 1955 3930 eius
1979 3862 2052 3931 cdi-

545 3942 733 4031 spestantia,
746 3944 1091 4013 iocorumcommonium
1106 3949 1201 4015 libror
1214 3953 1281 4015 llll
1320 3970 1386 4033 tos,
1402 3972 1461 4017 nec
1474 3948 1514 4037 ad
1524 3947 1812 4036 finemperdusios,
1828 3952 2052 4037 auttoieope.

545 4032 767 4112 concinnauit,
808 4033 932 4101 recusos
976 4034 1119 4103 Londini
1160 4040 1275 4103 1621.
1320 4041 1346 4104 ti
1367 4036 1443 4104 huic
1461 4040 1658 4118 immortuo,
1695 4041 1882 4124 priusquam
1914 4037 2053 4106 dimidia

544 4118 634 4184 Hinc
654 4120 690 4186 &
707 4120 763 4184 alii
789 4140 888 4206 quam
915 4120 1047 4208 plurimi
1077 4122 1276 4209 theologiam
1320 4127 1387 4193 eius
1403 4144 1475 4212 pars
1489 4123 1627 4211 perscha
1643 4123 1725 4189 ellet.
1771 4146 1823 4191 io.
1843 4144 2054 4194 menricourt

543 4198 760 4289 dogmaticam
771 4206 894 4293 scriptis
909 4210 1039 4295 egregiis
1059 4205 1275 4287 illustrarunti
1319 4214 1401 4279 circa
1427 4209 1518 4279 hasce
1546 4211 1748 4298 institutiones
1778 4233 1918 4279 errorem
1952 4213 2051 4299 supra

542 4288 620 4353 licet
638 4290 910 4375 compendiorum
924 4315 962 4360 ac
983 4292 1187 4382 systematum
1206 4294 1275 4363 the·
1318 4302 1384 4364 iani
1411 4300 1607 4364 notauiinus.
1674 4300 1828 4382 Scopum,
1847 4320 1944 4385 quem
1959 4302 2050 4366 iniis

543 4372 749 4457 ologicorum
763 4379 796 4441 in
809 4375 870 4446 hac
884 4397 980 4467 gente
1002 4399 1111 4447 tantus
1133 4405 1203 4449 non
1223 4388 1274 4450 in·
1318 4383 1374 4452 sibi
1397 4383 1606 4451 constitutum
1623 4382 1768 4451 habuerit
1787 4406 2048 4467 crisconius,

541 4462 692 4524 ueniatur
704 4482 870 4547 numerus,
892 4468 1102 4552 quain-alibi.
1167 4470 1218 4536 De
1234 4474 1273 4538 iis
1316 4475 1362 4537 ita
1377 4470 1511 4538 edisserit
1526 4492 1744 4537 interires
1765 4494 1874 4538 narii
1886 4493 2049 4540 nonen:

542 4546 642 4625 enini,
656 4548 712 4631 qui
727 4565 782 4612 aut
799 4550 942 4636 symbola
950 4554 1000 4620 vel
1018 4559 1141 4637 veteris,
1156 4557 1207 4623 vel
1215 4579 1272 4623 an·
1315 4562 1359 4624 Eo
1373 4578 1461 4641 ogere
1472 4580 1534 4624 non
1554 4573 1678 4622 tantum
1697 4558 1852 4644 inqnifiuit
1875 4561 1909 4623 in
1926 4563 2052 4625 verita·

540 4630 685 4721 ghcauae
694 4632 844 4711 eeclesiae
856 4636 1067 4727 illustrarunt,
1076 4659 1131 4713 aut
1145 4641 1186 4717 de
1200 4643 1271 4716 the·
1314 4645 1572 4741 temfingrlorotn
1592 4646 1769 4733 dogmatum
1787 4645 1945 4734 religionis
1962 4647 2053 4746 ¹cliri-

1921 4732 2052 4823 stum
