5259 5967
751 668 760 685 ἴ
798 728 864 801 DE
894 728 1212 803 THEOLOGIA
1241 736 1567 809 PATRISTICA.
1851 760 1916 829 535

427 828 1864 867 mm

386 870 530 939 tomisin
539 888 570 951 4.
587 886 727 955 quorum
743 866 832 953 prior
843 892 894 935 an.
912 888 1008 953 1713,
1022 866 1126 956 poste·
1171 891 1324 939 nauum
1344 894 1701 957 rinnrnrourrvnr,
1720 876 1911 967 perstringit,

387 958 462 1025 rior·
478 972 562 1039 1717
576 955 681 1023 lucem
696 952 850 1043 adspexit.
919 958 1001 1025 Non
1019 974 1127 1043 aperte
1171 958 1273 1045 quod,
1287 958 1460 1048 postpofita
1469 978 1597 1049 patrum
1612 962 1814 1047 audloritate,
1830 988 1910 1053 pro·

388 1040 559 1131 equidem,
572 1041 625 1109 sed
644 1042 771 1110 occulte
784 1060 915 1125 tamen,
930 1044 1126 1131 &percum
1171 1046 1355 1113 testantium
1369 1052 1492 1115 calculo
1501 1051 1558 1115 suo
1571 1047 1823 1137 adprobauerint
1841 1054 1910 1138 pla·

387 1133 499 1211 culos,
513 1128 578 1197 hoe
590 1134 672 1216 agit,
688 1147 722 1196 vt
736 1134 809 1197 artis
823 1134 950 1198 criticae
963 1132 1072 1214 vsum,
1089 1134 1127 1199 itt
1171 1136 1242 1199 cita.
1293 1132 1394 1219 Qtod
1411 1158 1507 1223 quam
1524 1140 1629 1222 inepte
1644 1140 1683 1203 ab
1700 1138 1831 1207 auclore
1845 1138 1907 1207 isto

388 1220 616 1307 iitpraecipue,
632 1239 712 1304 quae
721 1215 762 1285 ad
770 1216 935 1286 historiam
945 1216 1127 1286 ecclefialli·
1170 1216 1237 1301 fiat,
1251 1241 1349 1287 nemo
1357 1244 1428 1289 non
1444 1224 1601 1310 perspicit.
1647 1226 1732 1291 Cum
1749 1228 1836 1293 enim
1846 1228 1908 1293 viri

387 1324 473 1388 tam,
489 1305 688 1393 theologiam
702 1305 917 1391 pattisticam,
934 1308 967 1374 &
982 1305 1126 1373 traditio·
1170 1306 1221 1375 isti
1231 1305 1317 1375 docti
1327 1307 1517 1381 hauddubie
1530 1308 1662 1398 persuasi
1676 1312 1806 1394 firerint,
1821 1314 1907 1381 redte

388 1407 479 1474 nem,
492 1392 753 1460 cuiromanenses
762 1398 873 1460 omnia
883 1394 1040 1475 tribuunt,
1060 1394 1128 1480 spe·
1171 1396 1202 1461 se
1216 1394 1340 1476 habere,
1351 1398 1516 1464 &veritati
1524 1399 1583 1465 else
1592 1397 1815 1482 consentanea,
1824 1418 1906 1487 quae

389 1482 498 1561 diunt,
514 1478 692 1565 suspedlum
709 1476 830 1548 reddat.
876 1483 987 1562 lniti0,
1003 1478 1053 1547 seu
1069 1480 1129 1565 dis-
1171 1478 1549 1568 protestantesdixerunt,
1566 1504 1688 1573 quaeue
1700 1484 1826 1573 iplintet
1842 1486 1907 1561 eal,

379 1570 456 1653 sert.
467 1571 491 1635 l.
505 1585 586 1653 quae
598 1570 775 1653 generatim
784 1566 822 1635 de
835 1586 903 1637 arte
918 1571 1025 1635 critica
1038 1587 1128 1655 prae·
1171 1570 1246 1636 culo
1265 1568 1323 1635 suo
1342 1568 1562 1657 adprobarunt
1578 1594 1587 1647 ς
1618 1586 1698 1639 nttm
1718 1575 1757 1641 ab
1771 1577 1809 1639 iis
1822 1576 1869 1641 ex'
1893 1570 1904 1639 i

389 1658 480 1742 cipit,
493 1674 565 1720 eam
582 1652 702 1733 laudat,
716 1658 845 1741 eiusque
859 1654 948 1722 vsum
961 1676 1126 1722 commen·
1170 1670 1307 1743 poterat,
1320 1676 1366 1737 vt,
1382 1679 1462 1743 quae
1475 1658 1686 1744 ipsorummet
1699 1656 1818 1727 iudicio
1832 1658 1872 1725 fal
1886 1680 1905 1725 a

390 1740 457 1821 dat,
466 1744 570 1807 immo
580 1735 795 1809 neeessitatem
804 1744 956 1829 agnoscit.
999 1740 1126 1811 Deinde
1170 1744 1343 1810 &erronea
1352 1764 1453 1826 erant,
1463 1744 1665 1813 nihilosecius
1674 1746 1905 1833 amplcdleren-

386 1848 477 1909 tero,
492 1826 783 1915 &quidemclffera
792 1834 834 1894 Il.
844 1850 984 1916 patrum,
993 1827 1124 1916 scripto-
1170 1847 1232 1911 tur,
1249 1831 1541 1915 neprotestantium
1551 1833 1666 1918 placita
1680 1852 1807 1922 patrum
1815 1852 1904 1921 prae·

388 1936 526 2003 tumque
555 1914 836 1984 ecclelialhcorum
868 1908 1123 1999 venerationem,
1168 1916 1271 1985 tulill'e
1279 1916 1461 1985 viderentur
1474 1914 1676 1987 auctoritati?
1699 1920 1750 1988 De
1761 1916 1904 1987 testimo·

388 2004 596 2073 vehementer
610 2005 768 2085 inculcat,
791 2023 968 2089 eorumque
982 2000 1124 2071 testimo·
1167 2006 1230 2071 niis
1244 2004 1374 2071 &libris
1392 2004 1611 2092 supposititiis,
1628 2007 1833 2095 apocryphis,
1847 2028 1904 2075 au·

388 2095 541 2169 nianon,
558 2087 669 2157 nifiob
682 2094 821 2157 rationes
828 2086 1026 2243 qrauiffimae
1040 2110 1130 2177 prae·
1173 2090 1388 2179 elorlbusque,
1396 2096 1452 2178 qui
1460 2112 1528 2158 non
1538 2112 1673 2181 magnae
1680 2094 1904 2163 suntauttori-

390 2172 826 2269 gnantillrmaeque,reiicien
850 2201 879 2258 a,
887 2176 1127 2245 contendit.Eo
1170 2181 1254 2259 tatis,
1264 2178 1903 2267 partesecundaufflrueionissecundaep.

387 2271 544 2334 nimirum
558 2263 673 2340 cuncta
689 2262 746 2331 ista
765 2269 945 2350 pertinent,
965 2264 1054 2350 quod
1069 2286 1126 2331 au·
1169 2264 1268 2350 169.st
1287 2288 1315 2351 q.
1330 2268 1375 2333 ita
1383 2260 1511 2343 dilltrit,
1526 2284 1572 2347 vt,
1587 2267 1769 2353 praesertim
1784 2271 1902 2334 articu-

389 2354 462 2425 ttor
477 2374 568 2439 aegre
578 2351 668 2433 ferat,
688 2352 800 2437 scripta
813 2353 1049 2440 quamplurima
1065 2348 1126 2418 ho·
1168 2354 1232 2419 lol.
1245 2288 1409 2419 ollendere
1424 2351 1599 2435 adnitatur,
1616 2355 1730 2441 scripta
1743 2353 1900 2442 quaedam

388 2441 441 2511 die
448 2442 534 2507 teus
550 2443 618 2506 uria
632 2438 729 2521 reiici,
743 2461 824 2525 quae
837 2457 960 2507 veteres
976 2458 1012 2504 vt
1027 2458 1125 2525 genu·
1167 2441 1317 2507 aeritieis
1334 2460 1392 2507 ceu
1405 2432 1601 2526 supposititia
1618 2444 1719 2523 reiici,
1733 2443 1900 2527 exquibus

388 2530 446 2599 ina
459 2528 512 2595 lau
537 2546 655 2603 arunte
678 2544 753 2594 cum
772 2544 881 2594 tamen
902 2543 1062 2609 veterum,
1077 2544 1125 2591 vt·
1170 2544 1279 2593 tamen
1293 2524 1418 2612 iplimet
1431 2526 1613 2595 testimonia
1630 2525 1817 2615 depromere
1830 2546 1901 2592 non

388 2636 467 2705 pote
497 2614 847 2682 uiartisctiticaerudes
862 2612 1003 2694 fuerunt,
1021 2610 1125 2681 facile·
1169 2611 1328 2680 dubitent.
1373 2616 1424 2681 Sic
1437 2613 1852 2703 constitutionesapostolicas
1866 2614 1902 2681 dt

387 2722 453 2793 que
472 2636 577 2789 decipi
589 2717 786 2788 potuerunt,
807 2705 842 2768 in
856 2698 1017 2769 eiusmodi
1032 2702 1124 2769 rebus
1167 2702 1401 2787 recognitiones,
1421 2721 1502 2787 quae
1514 2720 1733 2770 cttururt
1748 2704 1901 2769 Romano

388 2792 554 2871 autnulla,
566 2806 622 2857 aut
634 2782 946 2877 exiguaadmodum,
963 2787 1000 2856 stt
1013 2786 1124 2856 audio·
1168 2790 1378 2872 tribuuntur,
1397 2791 1539 2874 itemque
1560 2809 1642 2875 quae
1662 2789 1719 2857 sub
1740 2804 1899 2857 tantae

388 2883 487 2949 ritan-
520 2878 683 2964 Apertius,
703 2870 781 2961 quid
795 2874 852 2943 libi
860 2877 955 2957 velit,
969 2873 1125 3030 simulque
1169 2878 1305 2942 nomine
1323 2870 1613 2955 circumferuntur,
1635 2894 1756 2962 magno
1769 2874 1901 2962 quidem

388 2982 544 3053 magnam
564 2966 678 3030 mentis
700 2962 976 3043 imbecillitatem,
1004 2982 1064 3050 pro
1088 2966 1124 3044 it,
1169 2960 1478 3029 omniumeonsensu
1496 2960 1594 3029 hodie
1608 2965 1689 3029 inter
1701 2959 1901 3048 suppofititia

393 3048 526 3141 quando
541 3052 630 3117 artic.
641 3054 696 3117 Vl.
706 3068 741 3135 p.
758 3069 816 3135 137.
820 3049 875 3135 seq
896 3096 906 3117 .
927 3048 1006 3117 serio
1019 3048 1124 3131 docet,
1169 3048 1302 3125 referti,
1330 3046 1372 3115 ad
1402 3048 1519 3116 haecce
1549 3068 1657 3115 tamen
1687 3062 1900 3115 monumenta

390 3138 857 3230 patrumaulloritatemnone
882 3134 1124 3215 edesetendam,
1168 3152 1901 3217 rrtttuourtvtt,tatat.zrvn1,Nar·

389 3222 1122 3313 vtsequamursententiamhaereticorum,(ita
1166 3241 1479 3305 anaxanonvnt,
1502 3224 1582 3290 alios
1607 3246 1663 3305 ue,
1677 3219 1809 3290 subinde
1824 3241 1899 3306 pro-

388 3310 598 3405 protestantes
606 3312 714 3396 vocat)
728 3315 762 3377 in
776 3314 869 3379 rebus
884 3309 971 3393 facti,
988 3312 1123 3399 praeser-
1167 3328 1294 3375 uocare.
1340 3310 1417 3395 on
1434 3314 1502 3379 iure
1513 3244 1661 3397 equidem
1674 3310 1733 3377 viri
1746 3308 1795 3377 illi
1809 3308 1898 3377 dotti

391 3408 452 3473 tim
465 3398 487 3469 st
499 3400 602 3487 ipsam
613 3400 804 3486 religionem
815 3396 1061 3484 quodammodo
1077 3412 1123 3463 at·
1167 3393 1208 3463 ad
1217 3394 1332 3463 haecce
1346 3416 1560 3465 monumenta
1575 3414 1775 3483 prouocent,
1792 3394 1899 3483 dispu-

390 3496 526 3576 tingant.
569 3488 697 3574 Negare
714 3504 854 3571 namque
873 3482 1051 3551 monachus
1068 3482 1123 3553 ille
1167 3480 1386 3549 tarenolltum
1401 3480 1531 3549 nonest.
1574 3486 1655 3550 Non
1671 3480 1898 3565 tamenvideo,

363 3566 369 3575 ’
392 3580 516 3661 nequit,
533 3572 666 3661 insignia
680 3575 818 3640 maxime
833 3570 1123 3659 protestantiumin
1189 3568 1368 3653 uidobstet,
1382 3592 1447 3655 quo
1455 3574 1561 3635 minus
1570 3568 1610 3636 ad
1621 3571 1772 3658 scriptum
1782 3570 1898 3658 suppo·

391 3667 615 3749 antiquitatem
642 3656 883 3728 ecelesiasticam
909 3655 967 3725 elle
997 3662 1122 3736 metita,
1166 3592 1308 3735 ditinum,
1324 3653 1412 3754 quod
1428 3653 1520 3722 simul
1536 3658 1708 3743 antiquum
1724 3658 1784 3723 elle
1798 3653 1898 3724 credi-

390 3772 512 3837 eosque
530 3771 594 3835 ope
606 3752 681 3815 attis
698 3751 823 3814 criticae
843 3746 944 3812 multa
962 3742 1124 3811 restituisse
1166 3766 1250 3823 mus,
1265 3740 1305 3807 ad
1322 3744 1404 3809 billa
1419 3739 1575 3829 quaedam
1591 3742 1770 3830 probanda,
1786 3761 1841 3808 aut
1858 3744 1899 3807 ri-

387 3838 522 3909 selieiter
538 3859 575 3903 ae
590 3834 766 3903 emendall'e
785 3855 795 3910 ς
825 3853 941 3921 negare
957 3835 1054 3899 etiam
1069 3850 1124 3898 ne·
1169 3851 1218 3897 tus
1231 3848 1267 3895 ac
1275 3826 1417 3895 instituta
1433 3834 1543 3897 veteris
1552 3824 1899 3907 ecclesiaeillustranda,

391 3929 483 4014 quit,
506 3920 700 3993 doclissimos
730 3941 860 4009 quoque
886 3914 1124 3988 romanensium
1169 3937 1520 4005 prouocarequeamus.
1564 3916 1900 3987 Cuntlaveroiterum

390 4028 632 4083 animantia
654 4028 1009 4086 rrtnnuourrvnt,
1033 4026 1124 4073 nvn.
1171 4027 1209 4073 eo
1219 4003 1493 4089 comparatasunt,
1508 4023 1543 4072 vt
1558 4008 1683 4083 innuat,
1699 4005 1826 4070 criticos
1841 3999 1899 4068 sibi

389 4118 480 4173 eta.
503 4116 556 4167 ov
574 4114 1125 4180 aru,1oan.unn1ntoutvaa,
1168 4092 1252 4179 ipsos
1268 4086 1520 4167 nonconllatet
1547 4111 1605 4158 nec
1624 4084 1719 4156 firmo
1734 4086 1814 4157 adeo
1829 4087 1898 4155 talo

389 4206 544 4259 uarat.
570 4204 887 4265 atrxaunnvta,
911 4185 1074 4268 aliosque,
1091 4177 1125 4246 id
1169 4178 1241 4261 niti,
1256 4173 1899 4267 quaeadfemntnr,vtptobetur,scripta

392 4274 575 4365 agnoscere,
591 4270 878 4361 &protestantium
886 4271 1011 4337 labores
1025 4271 1124 4336 inter·
1151 4263 1327 4336 eiusmodi
1341 4268 1423 4332 inter
1434 4264 1539 4352 spuria
1553 4264 1587 4332 dt
1605 4262 1801 4352 supposititia
1820 4260 1900 4329 refe·

392 4360 473 4431 dum
484 4366 521 4431 in
532 4362 685 4429 vsussuos
699 4378 903 4435 conuerteret
927 4358 962 4427 de
976 4353 1122 4423 nihilose-
1167 4350 1342 4423 rendaelse.
1387 4354 1460 4435 Qun
1472 4356 1599 4420 ratione
1611 4356 1698 4419 viam
1713 4352 1827 4419 audlor
1842 4346 1898 4417 fibi

392 4449 596 4519 ciuteosdem
609 4449 845 4534 aliosqueviros
859 4446 954 4533 longe
966 4442 1125 4531 praestan·
1167 4443 1280 4527 aperit,
1292 4437 1334 4507 ad
1348 4434 1404 4508 illa
1415 4458 1545 4526 quoque
1559 4439 1684 4525 scripta,
1700 4460 1781 4527 quae
1793 4458 1900 4506 roma·

392 4530 546 4620 tilstmot,
565 4555 711 4605 tvoov.
733 4552 817 4601 att.
832 4552 885 4601 ov
899 4554 985 4615 aru,
1008 4552 1124 4599 narn.
1167 4552 1229 4597 nae
1247 4520 1391 4595 eccleliae
1405 4529 1563 4605 eeroribus
1578 4528 1612 4597 &
1627 4524 1843 4613 superstitioni
1856 4524 1902 4589 fa·

391 4646 446 4695 ot
467 4645 631 4706 Manet,
654 4642 764 4691 uicti.
779 4639 981 4703 sttrottata,
998 4638 1124 4687 aaut.
1167 4635 1263 4695 uent,
1283 4612 1464 4701 spuriorum
1484 4635 1622 4682 numero
1637 4612 1815 4683 eximenda.
1861 4612 1900 4675 In

389 4730 622 4796 tatastrat,
645 4730 740 4782 ant.
763 4726 1123 4791 taeterrimae.
1166 4700 1901 4869 iis,quaeartic.11.delationemqqoateq

1798 4802 1884 4871 erpi
