5259 5967
810 672 1444 805 nernortrnrvunrnvs
1478 722 1848 805 ruroroorcrs.
1967 700 1969 705 ’
1999 729 2062 814 211

1939 844 2060 865 ξ

575 824 1917 865 *mu—m

575 870 653 949 lione
663 870 839 965 idearum,
854 898 1022 952 errorum
1035 877 1219 954 variomm
1234 902 1349 956 matre
1360 932 1373 971 ,
1399 880 1547 963 cultata,
1571 878 1836 981 proponenda,
1858 880 2060 982 pluriimun

573 968 682 1064 faeere,
700 995 828 1063 nemo,
847 971 913 1048 nisi
925 974 1076 1051 ill-amin
1090 999 1215 1051 rerum
1230 975 1338 1078 plane
1351 976 1514 1077 ignarus,
1531 976 1728 1076 negauerit.
1753 982 1771 1017 *

658 1076 677 1115 *
698 1072 747 1136 De
760 1068 985 1158 philosophia,
1008 1078 1139 1161 eiusque
1153 1094 1208 1139 aut
1226 1096 1282 1140 ne-
1328 1096 1620 1155 norrnnuuvs,
1634 1079 1700 1161 qui,
1714 1098 1789 1141 cum
1809 1075 1942 1143 instinct
1952 1076 2060 1162 philo·

568 1152 696 1238 otsfitate,
710 1176 767 1223 aut
782 1160 818 1223 in
825 1158 988 1247 theologia
998 1161 1068 1242 vsu,
1082 1182 1152 1226 non
1166 1183 1231 1233 ¹rna
1245 1183 1283 1227 ο-
1327 1160 1472 1249 sophiam
1495 1182 1614 1247 magno
1627 1166 1662 1226 in
1678 1160 1803 1228 honore
1819 1136 1990 1245 habuisset,
2006 1164 2059 1231 de·

567 1244 810 1331 nniumsemper
823 1242 1059 1314 siritsenttntia.
1093 1248 1179 1315 Inter
1197 1268 1284 1314 vete·
1326 1252 1435 1335 inceps
1451 1270 1532 1329 eam,
1548 1272 1605 1315 ceu
1619 1272 1701 1335 opus
1712 1252 1832 1331 carnis,
1851 1251 1993 1317 &sacris
2009 1253 2060 1317 lit·

565 1354 604 1400 res
621 1328 767 1399 ecclesiae
785 1329 937 1400 dodores
949 1356 1284 1413 ,rsarvarrauvs
1328 1341 1399 1403 teris
1414 1339 1621 1416 contrariam,
1644 1334 1796 1402 damnare
1812 1341 1930 1425 coepit,
1952 1338 2061 1405 suffra-
2080 1396 2091 1407 .

564 1418 712 1487 nonadeo
719 1420 878 1505 praeclare
887 1414 925 1485 de
933 1422 1091 1488 casentire
1099 1419 1236 1501 videtur,
1246 1418 1283 1487 st·
1326 1445 1437 1509 gentes
1451 1420 1632 1489 sibihabens
1651 1446 1696 1488 ιο.
1719 1446 1775 1489 an
1787 1444 1930 1491 ortvsr
1951 1444 2061 1491 wne·

562 1504 684 1595 quidem
697 1504 1285 1593 philosophoshaereticoramparriar·
1331 1530 1655 1591 ouursaorurvu,
1672 1512 1706 1576 dc
1734 1530 1789 1576 ro.
1816 1534 2061 1592 sivetrnvu,

561 1592 625 1661 clas
638 1597 783 1673 uocauit,
797 1590 836 1660 de
851 1615 917 1679 qao
933 1597 1017 1662 illius
1036 1594 1130 1663 effato
1145 1598 1287 1681 peculia·
1329 1597 1481 1682 aliosque.
1527 1595 2059 1664 AcriterruminaeademiaHelm-

562 1704 601 1751 res
614 1702 705 1749 ran.
718 1701 802 1746 sar.
819 1702 940 1747 crini
951 1702 1038 1763 aar,
1053 1684 1087 1749 dc
1101 1706 1191 1749 nmo
1206 1704 1225 1747 s
1238 1702 1285 1746 nr
1329 1680 1482 1763 stadienh,
1504 1684 1642 1769 alibique
1657 1730 1667 1764 ,
1686 1680 1746 1749 hac
1759 1683 1852 1769 super
1870 1706 1902 1751 re
1928 1683 2061 1751 ditarica-

563 1788 880 1838 rncnrnaenorr
901 1768 1022 1836 exstant
1045 1766 1286 1836 dissertationes.
1331 1789 1400 1836 tam
1422 1770 1490 1835 suit.
1536 1772 1621 1836 luter
1634 1771 1746 1854 scripta
1761 1792 1858 1853 vete,
1872 1774 1986 1857 qrtibus
2000 1792 2062 1859 pro

563 1860 603 1927 oe
617 1876 894 1934 urenonrsro,
917 1856 1066 1941 aliisque,
1085 1860 1140 1943 qui
1163 1854 1284 1935 itidem,
1330 1854 1543 1943 philosophia,
1557 1860 1685 1943 eiusque
1705 1856 1772 1938 vsu,
1796 1861 2016 1945 pugnabatur,
2029 1881 2063 1926 e·

563 1941 778 2032 philosophiae
792 1963 867 2007 curn
875 1943 1026 2030 religione
1038 1940 1208 2009 christiana
1217 1963 1287 2006 non
1329 1949 1454 2010 minent
1469 1965 1552 2010 aes.
1567 1964 1754 2011 onavuar
1769 1945 1848 2009 liber
1863 1942 1901 2011 de
1911 1947 1999 2010 unica
2014 1967 2061 2011 re-

563 2032 756 2111 tonuenire,
777 2024 1015 2111 existimarunt,
1037 2032 1115 2096 alibi
1135 2028 1286 2097 dicemus.
1330 2034 1441 2108 ritate,
1466 2032 1500 2097 dc
1519 2050 1597 2096 rac.
1622 2050 1805 2096 iranrrur
1826 2032 1983 2115 speculum
2008 2054 2061 2097 ra-

564 2120 640 2184 Cum
655 2119 766 2183 beatus
783 2136 994 2181 arnnmvr
1005 2140 1028 2182 u
1039 2139 1132 2182 rnvs
1148 2120 1229 2182 circa
1240 2138 1286 2181 re-
1329 2121 1434 2197 rionis,
1448 2119 1557 2203 lingua
1572 2119 1985 2205 germanicaconscriptum.
2000 2118 2062 2185 Hi-

565 2204 760 2273 sormationis
775 2200 920 2268 ecclesiae
932 2200 1287 2289 initiumineptiasphi-
1330 2203 1461 2272 storiam
1476 2201 1568 2268 huius
1586 2207 1765 2270 certaminis
1780 2222 1906 2291 praeter
1917 2206 1999 2271 alios
2014 2226 2060 2271 rc·

564 2290 724 2379 losophiae
738 2286 936 2357 scholasticae
956 2286 1184 2367 cons-deraret,
1199 2310 1287 2355 erro·
1335 2290 1394 2356 sert
1430 2310 1481 2354 ιο.
1498 2310 1624 2375 risun.
1648 2309 1694 2355 aa
1719 2312 1933 2374 resvice,
1954 2295 1991 2358 de
2009 2315 2064 2358 ra-

565 2402 691 2467 tesque,
715 2397 754 2444 ex
771 2373 973 2441 aristotelica
992 2400 1121 2464 quoque
1146 2375 1289 2463 philoso-
1331 2380 1381 2442 ria
1400 2376 1570 2463 Aristotelis
1590 2380 1623 2440 in
1629 2376 1741 2458 fibriis
1751 2379 1987 2464 protestantium
1992 2384 2066 2463 for-

566 2466 631 2557 phia
650 2482 761 2543 ortoS,
780 2461 1008 2549 perpenderem
1043 2484 1218 2549 temperare
1234 2460 1289 2527 sibi
1333 2482 1422 2543 etrier,
1439 2474 1471 2543 ς.
1488 2468 1620 2527 ,l'sl'Vls
1625 2466 1707 2614 fitpp.
1720 2484 1753 2545 p.
1767 2473 1816 2547 70‘.
1826 2470 1910 2549 stqq.
1925 2467 2065 2533 cons&

567 2578 627 2623 aon
640 2556 778 2641 potuit,
800 2554 881 2636 quin
902 2571 1037 2617 omnem
1049 2550 1289 2636 philosophi-‚m
1337 2573 1387 2617 ιο.
1398 2572 1417 2614 o
1427 2574 1457 2616 ε.
1472 2569 1660 2615 warenn
1682 2551 1802 2635 risloria
1816 2552 1939 2637 logicae,
1949 2553 2065 2617 lilelll.

566 2640 763 2731 proscriberet
777 2638 812 2704 dc
825 2632 1002 2702 damna-rer.
1065 2639 1141 2718 Qto
1157 2639 1291 2701 nornine
1335 2660 1360 2703 c.
1377 2641 1417 2701 ll.
1432 2649 1465 2717 ς.
1476 2640 1529 2700 Vl.
1543 2640 1578 2700 in
1587 2642 1729 2721 parergis
1743 2640 1808 2701 eius
1826 2639 2019 2715 academicis,
2030 2658 2065 2719 p.

568 2732 597 2801 le
610 2720 722 2817 passim
736 2720 822 2811 apud
835 2722 1037 2788 romanenses
1044 2726 1127 2789 male
1136 2721 1235 2803 audit,
1245 2738 1291 2787 at·
1335 2730 1408 2807 Μ.
1428 2724 1674 2808 Nonproculab
1688 2722 1735 2788 his
1745 2726 1816 2809 ,qui
1825 2721 2065 2810 philosophiam

516 2816 517 2825 ’
608 2818 721 2883 timer
732 2808 838 2879 hostes
859 2808 1081 2896 philosophiae
1095 2826 1291 2875 nruneratut.
1336 2832 1468 2876 omnem
1479 2811 1636 2891 reiiciunr,
1646 2809 1769 2891 absunt,
1780 2814 1835 2896 qui
1839 2810 2066 2894 philosophiam

516 2926 517 2934 ¹
565 2840 630 2989 &a
650 2922 726 2969 veto
747 2898 884 2977 caussis,
902 2918 983 2983 quae
996 2918 1238 2978 tvrnrnvn,
1255 2916 1291 2960 rt
1335 2894 1509 2987 quamdam
1525 2895 1724 2981 christianam
1742 2896 1946 2965 introducere
1954 2898 2065 2964 volue-

566 3012 601 3061 eo
614 3010 714 3077 vsque
732 2980 984 3072 progrederetur,
999 2983 1210 3065 induxerunt,
1234 2987 1291 3049 rite
1336 3003 1420 3051 runt.
1464 2984 1806 3070 Auretrimvtrumque
1820 2986 1946 3064 lumen,
1967 2986 2065 3049 ratio-

565 3074 788 3167 ponderauerit
798 3097 811 3151 ,·
834 3070 924 3137 facile
937 3069 1073 3150 uidebit,
1089 3072 1154 3137 hac
1170 3074 1197 3135 ei
1213 3073 1292 3135 vitio
1338 3074 1386 3139 nis
1404 3073 1437 3138 &
1461 3069 1680 3149 reuelationis,
1697 3073 1832 3157 turpiter
1845 3070 2067 3149 confundunt,

565 3168 640 3234 rerti
656 3184 728 3229 non
744 3158 842 3247 posse.
888 3160 1056 3239 Praeterea,
1067 3154 1155 3245 quod
1166 3155 1292 3223 aleethi-
1337 3174 1410 3237 aut,
1430 3154 1508 3221 dum
1523 3160 1634 3221 omnia
1650 3179 1688 3222 ex
1709 3156 1907 3224 reuelatione
1923 3156 2069 3226 deriuare

563 3246 789 3321 ea'Aristotclis
797 3244 886 3328 dixit,
896 3248 1139 3325 eaminitnicam
1154 3246 1211 3311 esse
1226 3265 1294 3331 gra·
1338 3245 1453 3311 volunt
1467 3291 1475 3324 ,
1490 3264 1571 3328 quae
1586 3241 1627 3308 ad
1638 3242 1745 3309 sorum
1765 3246 1898 3311 rationis
1912 3246 2068 3333 spediant,

561 3344 621 3409 riae
641 3336 792 3414 diuinae,
811 3351 906 3418 atque
935 3332 1081 3403 fouendis
1110 3332 1293 3419 Pelagiano-
1338 3351 1448 3399 reuera
1463 3328 2077 3417 omnemphilosophiaevsumtollunt·

561 3448 630 3495 rum
642 3423 801 3493 errdribus
814 3421 909 3512 plane
922 3416 1295 3497 adcommodatumlon·
1335 3420 1382 3485 Ex
1398 3416 1544 3482 instituto
1560 3434 1671 3481 contra
1679 3438 1732 3482 eos
1747 3416 1886 3503 disputat
1905 3443 1957 3489 cn
1967 3443 1987 3486 n
1997 3443 2006 3485 1
2016 3440 2070 3485 sr.

561 3536 598 3605 ge
609 3506 808 3581 verissimum
823 3500 1088 3593 certissimumque
1101 3506 1155 3587 cll,
1170 3506 1220 3583 dt,
1237 3500 1295 3567 nist
1339 3528 1390 3571 ru
1400 3526 1421 3568 ο
1431 3523 1592 3581 nrasrvs,
1608 3506 1643 3567 in
1657 3506 1882 3573 introdusffione
1894 3507 2071 3592 atiphilaso·

561 3604 600 3669 ab
611 3600 730 3666 harum
740 3616 848 3665 rerum
860 3596 955 3683 plane
968 3596 1094 3680 ignaris,
1118 3594 1227 3677 negari
1240 3610 1296 3654 ne·
1334 3591 1446 3678 philam
1460 3590 1604 3669 audem,
1621 3610 1645 3653 c.
1661 3593 1703 3654 IL
1713 3601 1744 3669 ς.
1754 3596 1902 3676 XLftqq.
1903 3612 1937 3678 p.
1949 3596 1987 3657 61.
1986 3594 2070 3677 seqq.

561 3690 649 3781 quit,
673 3703 708 3750 vt
723 3683 799 3747 alibi
815 3702 851 3745 ex
864 3678 1010 3749 instituto
1032 3676 1218 3746 ostenditur.
1256 3676 1295 3741 ln
1340 3679 1406 3765 Qui
1423 3679 1595 3758 rationem,
1610 3676 1661 3743 seu
1674 3674 1926 3763 philosophiam,
1936 3700 2010 3745 cum
2023 3698 2072 3743 re-

560 3766 790 3847 controuersris
804 3766 964 3855 deinceps,
981 3764 1295 3853 quaeLuthetocum
1339 3767 1512 3842 uelarione,
1529 3763 1581 3830 seu
1591 3762 1745 3850 scriptura
1760 3764 1854 3845 satra,
1868 3766 2073 3831 itaeommit·

563 3859 714 3927 fanaticis
730 3856 984 3934 intercesserint,
1014 3856 1062 3919 vir
1082 3856 1189 3920 beatus
1204 3850 1298 3916 intel·
1341 3870 1426 3931 tunt,
1439 3868 1473 3917 vt
1491 3850 1588 3917 altera
1599 3852 1691 3919 alteri
1699 3853 1792 3936 plane
1801 3850 2074 3941 repugnet3alter·

562 3947 658 4023 lexit,
675 3939 888 4029 philosophiae
902 3936 1296 4027 vsunoscarerenonpos-
1341 3958 1446 4005 utram
1461 3940 1612 4018 relicere,
1635 3937 1752 4005 necesse
1775 3936 1826 4004 erl.
1893 3936 2074 4005 Admittcre

561 4034 614 4109 se,
640 4024 736 4105 vnde,
757 4027 971 4097 accedentibus
986 4028 1068 4093 sorte
1081 4030 1115 4094 ὅ(
1129 4030 1196 4092 aliis
1212 4024 1296 4090 caus-
1342 4028 1429 4092 enim
1446 4027 1630 4109 ceteroquin
1644 4022 1808 4106 deberent,
1824 4025 2074 4093 contradidioria

560 4118 620 4199 fis,
639 4116 734 4181 aliter
753 4112 863 4183 sentire
885 4119 1011 4201 coepit,
1028 4136 1162 4203 eamque
1184 4116 1298 4180 itemm
1342 4112 1447 4178 secum
1455 4107 1621 4178 consistere
1627 4111 1726 4197 posse,
1742 4110 1830 4201 quod
1838 4116 2075 4179 omniumcon-

562 4198 817 4275 commendauit
878 4203 960 4268 Rem
990 4222 1124 4269 omnem
1153 4197 1302 4265 adcurate
1345 4194 1474 4267 sessione
1489 4197 1655 4265 absonun.
1698 4200 1766 4281 Qui
1780 4221 1856 4287 ergo
1872 4222 1909 4267 ex
1923 4197 2007 4265 hisce
2027 4218 2077 4263 ra-

562 4292 1046 4379 consummatorum
1056 4310 1088 4354 ο.
1105 4310 1128 4353 ιι
1139 4308 1223 4355 evm
1234 4306 1302 4351 nu·
1346 4288 1471 4351 tionem
1479 4287 1714 4366 nonreiiciunr,
1728 4284 1935 4371 scripturam,
1956 4287 2011 4353 seu
2027 4306 2076 4351 re

565 4374 973 4463 arusinassispsiloftph.
983 4379 1120 4461 pareds.
1143 4374 1302 4438 num.lll.
1347 4374 1561 4449 delationem,
1581 4373 1726 4453 relicere,
1748 4390 1845 4459 patet.
1890 4367 2079 4460 Eamquesi

554 4466 711 4555 ΜΝ(
729 4486 759 4549 q.
776 4462 866 4530 conf.
882 4467 916 4530 ὅ(
933 4485 979 4528 ιο.
1001 4482 1130 4528 lirant.
1154 4482 1203 4528 on.
1214 4483 1260 4528 ιιι
1274 4482 1301 4524 s·
1347 4480 1484 4526 rrrao
1509 4479 1662 4526 stralo
1678 4462 1855 4527 tribuamus
1869 4460 2080 4538 sententiam.

557 4566 689 4631 vicu,
703 4487 743 4617 de
759 4552 851 4615 varia
864 4549 1036 4635 Aristotelis
1045 4552 1077 4612 in
1083 4548 1196 4631 filiolis
1198 4564 1303 4633 prote·
1349 4546 1470 4613 nullam
1480 4548 1507 4611 ei
1517 4544 1837 4615 faciemusiniuriam.
1889 4550 1975 4615 Dum
1991 4551 2080 4613 enim

549 4640 862 4731 stantiamfhrruna,
878 4639 1008 4717 §.Vlls
1016 4636 1099 4719 sqq.
1121 4633 1173 4699 Ad
1188 4634 1304 4701 Luthe-
1347 4635 1468 4727 semper
1488 4634 1646 4699 rationem
1663 4635 1853 4703 reuelationi
1866 4639 2024 4721 opponite
2047 4626 2081 4695 id

552 4724 755 4817 ddtiaceps
775 4722 1303 4814 aussoritatcmprouocauitoam
1348 4739 1538 4879 eumuggtd
1560 4736 1614 4799 vt,
1637 4720 1754 4796 reiecta
1781 4727 1907 4796 tadone
1923 4724 1958 4791 dc
1974 4715 2087 4873 philho¹⁸
