5259 5967
811 704 877 779 DE
897 700 1339 781 rvsrslllvurtrrln
1360 702 1781 811 rcctsslnsrlcn.
1997 714 2063 797 ὃς,

559 806 832 831 *φν-

834 810 2062 833 Μ

549 847 653 915 fuisset
666 847 853 913 concilium.
901 846 979 912 Mea
993 848 1283 930 namqueomnino
1328 844 1536 923 sententiam,
1558 842 1697 911 ostendit
1716 866 1808 911 saur.
1832 870 2061 917 scuusovr-

550 931 680 1003 haecest
689 934 852 1011 sententia,
864 932 1003 999 concilia
1017 948 1141 998 tantum
1150 953 1284 1017 permo·
1329 953 1434 1011 orvs,
1458 935 1493 999 in
1513 935 1668 997 exercitat.
1689 932 1857 1019 theologica
1876 937 1913 998 ele
1930 938 2057 1003 concilio

551 1021 633 1088 dum
645 1018 822 1102 doetrmse,
837 1023 1025 1105 neutiquam
1033 1034 1140 1085 autem
1147 1040 1203 1105 per
1211 1040 1283 1084 nro·
1327 1019 1618 1103 Hierofirlymr'tano,
1641 1039 1707 1105 rap.
1722 1024 1761 1084 X.
1786 1029 1816 1101 §.
1830 1024 1871 1085 ll.
1885 1023 1970 1105 seqq.

556 1109 636 1175 dum
656 1109 801 1194 imperil,
821 1127 911 1193 agere
923 1104 1022 1192 posse.
1086 1107 1131 1171 Vt
1152 1104 1283 1172 decretis
1415 1112 1496 1173 Sunt
1511 1108 1669 1186 nonnulli,
1687 1108 1760 1193 qui,
1775 1108 1810 1171 in
1825 1108 1965 1175 concilio
1980 1108 2058 1175 hoc·

553 1198 644 1261 enim
659 1196 873 1261 conciliorum
886 1215 947 1259 nos
960 1192 1180 1259 submittamus
1186 1237 1199 1273 ,
1213 1210 1283 1259 turn
1329 1192 1683 1281 ceHierosolymirano‚
1697 1214 1828 1259 canones
1839 1194 1924 1275 illos,
1934 1198 1988 1281 qui
2003 1196 2058 1261 sub
2085 1268 2088 1273 4

552 1280 686 1349 demum
699 1278 839 1348 obstridii
850 1279 957 1347 sumus
964 1324 976 1363 ,
999 1276 1174 1347 srconuidii
1190 1277 1286 1347 lueri-
1328 1280 1528 1367 apostolorum
1553 1283 1687 1347 nomine
1711 1282 1997 1361 circumferuntur,
2023 1285 2059 1349 dc

554 1390 637 1449 snus,
652 1389 688 1434 ea
703 1388 777 1435 curn
792 1368 945 1453 scriptura
958 1367 1284 1434 sacraexadleconue-
1352 1372 1470 1434 timum
1483 1368 1571 1435 velut
1587 1367 1743 1453 specimen
1758 1371 1833 1435 iuris
1849 1371 1998 1436 canonici
2007 1388 2059 1435 ex·

552 1457 634 1522 nite.
678 1456 723 1521 At
735 1456 865 1522 concilii
884 1454 1170 1541 Hierosolymitani
1187 1458 1285 1541 longe
1328 1390 1824 1533 sibeneconlitos,existimant.
1864 1456 1910 1521 lm
1920 1476 2058 1541 namque

554 1546 652 1609 alratn
672 1544 833 1609 rationem
848 1542 923 1619 esse,
940 1540 1103 1623 existimo,
1122 1564 1182 1622 eo,
1195 1539 1284 1629 quod
1328 1563 1469 1609 ranuc-
1492 1562 1736 1607 rennrauvs
1752 1542 1876 1625 censer,
1898 1544 1974 1608 libro
1988 1564 2059 1605 con·

555 1625 693 1714 apostoli
702 1630 815 1697 cundia
827 1651 864 1696 ex
877 1628 1028 1696 instinslu
1046 1629 1171 1717 spiritus
1186 1628 1284 1696 sandi
1327 1648 1379 1695 rra
1394 1631 1556 1696 censurias.
1575 1630 1866 1783 illathburgrnses,
1889 1632 1924 1695 in
1945 1649 2012 1715 quo
2025 1626 2059 1695 id

555 1717 695 1803 egerinta
723 1715 911 1802 ideoque&
926 1738 996 1782 non
1012 1733 1080 1783 tam
1092 1718 1167 1797 suo,
1187 1736 1285 1802 quam
1330 1716 1463 1803 operose
1486 1718 1572 1785 &est
1594 1718 1627 1781 in
1644 1718 1740 1783 tituto
1754 1720 1841 1803 agit,
1863 1732 1897 1781 vt
1918 1736 2059 1801 canones

552 1802 680 1889 spiritus
692 1804 791 1871 sanni
805 1826 939 1869 nonime
958 1803 1147 1869 sententiam
1160 1804 1284 1871 serunt:
1329 1802 1422 1870 hosce
1438 1801 1587 1891 apostolis
1602 1802 1752 1872 vindicet.
1803 1802 2058 1869 Fundamentum

552 1892 650 1971 viliam
670 1891 709 1976 est
726 1891 853 1974 spiritui
865 1891 972 1971 fisnsso
991 1894 1030 1961 (s
1049 1892 1162 1968 nebim
1190 1912 1224 1956 v.
1237 1898 1285 1963 28.
1329 1890 1502 1958 sententiae
1517 1890 1588 1956 suae
1602 1888 2059 1961 ineosibiinuenillevidetun

555 1978 649 2058 Qrae
664 1978 794 2044 concilii
806 1974 894 2043 istius
907 1972 1032 2055 decisio,
1051 1998 1124 2042 curn
1137 1973 1286 2042 lnimedi·
1329 1975 1488 2064 quodlib.
1514 1980 1567 2040 VI.
1591 1976 1742 2061 constitut.
1770 1974 1921 2061 apostolic.
1943 1996 1968 2041 c.
1988 1980 2058 2039 XII.

554 2083 607 2129 are
620 2068 765 2129 desolvere
777 2061 870 2137 esset3
887 2067 1010 2128 nemini
1024 2067 1134 2149 vtique
1148 2063 1193 2127 fas
1208 2078 1285 2141 erat,
1330 2062 1468 2151 aposloli
1481 2058 1599 2141 dicant,
1613 2062 1642 2129 se
1652 2060 1724 2146 post
1738 2060 1900 2129 decretum
1913 2060 1953 2128 de
1966 2060 2061 2128 abstr-

555 2146 662 2217 erdem
674 2169 865 2234 repugnaret
887 2154 967 2235 quin
983 2153 1091 2237 potius
1108 2164 1286 2227 omnee‚vt
1330 2152 1440 2217 nentia
1452 2149 1492 2213 ab
1507 2145 1711 2236 idolothytis,
1723 2148 1777 2215 san
1800 2152 1875 2215 uine
1890 2148 2059 2225 suffocato,

555 2238 632 2301 voci
645 2234 770 2319 spiritus
786 2235 905 2317 sandi,
926 2239 1127 2323 imperioque
1145 2257 1212 2301 non
1227 2233 1286 2299 hu·
1331 2240 1366 2305 &
1380 2236 1604 2315 fornicatione,
1614 2235 1760 2321 pluribus
1768 2168 1879 2301 ‹fiebus
1886 2254 2061 2323 congrega·

556 2342 668 2400 mano,
676 2320 764 2406 quod
776 2320 912 2409 apostoli
924 2324 1011 2389 nulla
1020 2328 1145 2391 rarione
1153 2319 1208 2389 sibi
1215 2325 1284 2386 vin·
1310 2352 1313 2357 ·
1330 2344 1382 2391 tos
1396 2319 1606 2411 permansisse,
1613 2325 1836 2407 conquirentes
1846 2322 1968 2386 collatis
1979 2342 2059 2387 con·

555 2408 718 2487 dicabant,
731 2407 783 2474 sed
796 2406 928 2490 diuino,
945 2410 1047 2476 eidem
1062 2410 1091 2475 se
1104 2411 1286 2475 submittere
1328 2410 1414 2490 filiis,
1429 2431 1509 2495 quae
1521 2405 1560 2474 ad
1574 2410 1739 2495 publicum
1750 2404 1894 2475 eeclesiae
1910 2428 2060 2472 commo-

556 2495 757 2563 tenebantur.
801 2493 969 2575 Addenda,
984 2518 1066 2582 quae
1078 2500 1143 2564 iam
1156 2495 1194 2563 de
1207 2494 1286 2561 hoc·
1329 2498 1407 2565 dum
1422 2497 1607 2583 spestarent.
1651 2495 1736 2561 Cum
1748 2516 1823 2561 vero
1837 2494 2061 2580 constitutiones

556 2580 903 2649 ceconliliornonuiin
916 2583 1285 2670 institut.rheosog.dogm.
1330 2586 1403 2651 illae
1423 2584 1602 2670 apostolicae
1623 2604 1691 2648 non
1712 2584 1842 2649 maioris
1863 2582 2062 2647 audioritaris

556 2670 613 2734 sil.
630 2672 666 2733 V.
687 2688 754 2753 cap.
769 2675 827 2735 111.
847 2668 888 2737 ad
902 2678 930 2752 §.
945 2675 1046 2736 XVII.
1060 2690 1095 2755 p.
1110 2674 1188 2749 1667.
1202 2672 1286 2753 ftqq·
1329 2669 1400 2751 smt,
1414 2690 1672 2758 quamcanonrs3
1694 2691 1763 2736 non
1771 2665 1873 2767 potest
1887 2689 1953 2733 non
1962 2668 2061 2733 lubri-

557 2752 647 2821 Dum
660 2773 769 2821 autetn
780 2759 815 2821 in
828 2753 942 2821 eodem
954 2774 1075 2842 praeter
1082 2754 1287 2843 apostolos&
1331 2780 1406 2825 cum
1420 2756 1555 2836 censeri,
1574 2754 1730 2844 quidquid
1746 2778 1855 2823 earum
1871 2752 2059 2821 testimonio

558 2842 763 2925 presbyteros
790 2838 935 2909 ecclesiae
961 2842 1286 2931 Hierosolymiranae,
1330 2842 1558 2931 superstruitur.
1593 2844 1769 2924 Nimirum,
1785 2842 1970 2908 admnonet
1985 2838 2061 2907 illos

558 2928 673 3011 reliqui
693 2930 790 2993 etiarn
814 2927 941 3009 fratres,
959 2950 1043 3015 quos
1063 2929 1190 3017 sequior
1201 2945 1287 2993 aetas
1353 2928 1419 2999 uod
1434 2931 1568 3008 attinet,
1585 2949 1642 2994 nec
1657 2927 1696 2994 de
1711 2950 1864 3007 numero,
1879 2950 1939 2994 nec
1952 2923 1991 2993 de
2003 2949 2060 2993 au·

558 3014 658 3079 laicos
673 3012 885 3101 adpellitauir,
898 3016 1127 3091 interfuerunt3
1139 3037 1208 3081 non
1217 3029 1287 3079 tan·
1330 2956 1430 3097 Ἁοτε,
1442 3014 1585 3101 adeoque
1594 3036 1654 3081 nec
1668 3012 1706 3080 de
1715 3016 1903 3083 audioritate
1917 3015 2060 3093 illorum,

559 3117 631 3166 turn
654 3103 830 3188 intelligere
851 3101 926 3168 inde
943 3106 1061 3169 iterurn
1075 3105 1166 3183 licet,
1189 3120 1287 3187 quam
1331 3101 1456 3191 ipsimet
1477 3106 1560 3168 inter
1574 3102 1605 3167 se
1625 3105 1826 3167 conueniunt
1846 3100 2060 3169 romanenses.

560 3183 1288 3275 nihilonminoapostoliautpresbyteri,quod
1330 3194 1381 3257 De
1400 3210 1535 3255 numero
1555 3186 1678 3255 enimsi
1697 3186 1837 3275 quaestio
1858 3184 2062 3259 insinuatum

560 3274 687 3359 imperii
696 3274 832 3359 speciem
846 3273 971 3354 habeat,
980 3274 1288 3351 sibivindicauerint,
1331 3279 1473 3366 primurn
1487 3274 1541 3343 hic
1555 3272 1724 3343 discrimen
1735 3272 1866 3361 aliquod
1878 3277 1961 3341 inter
1975 3274 2063 3351 Lati·

555 3358 610 3427 sed
622 3362 805 3445 exemplum
817 3357 908 3427 fimul
917 3360 1067 3428 statutum
1075 3360 1147 3441 suit,
1158 3382 1225 3446 quo
1233 3382 1288 3445 pa·
1333 3386 1394 3431 nos
1411 3362 1598 3431 &Graecos
1612 3362 1787 3429 intercedit.
1835 3362 2062 3451 Quinquagin-

561 3446 617 3517 ἂο
629 3451 665 3513 in
679 3447 822 3513 conciliis
837 3447 952 3515 cundia
961 3450 1028 3534 geri
1041 3469 1077 3513 ae
1090 3444 1289 3513 administra·
1332 3471 1366 3517 ta
1381 3466 1507 3515 tantum
1522 3468 1662 3513 canones
1684 3453 1718 3515 in
1735 3450 1795 3515 suis
1815 3448 2062 3517 colledlionibus

560 3531 751 3601 ri'debeant.
809 3533 908 3616 Qsod
924 3556 1000 3601 eum
1013 3536 1049 3601 in
1061 3536 1130 3599 aliis
1149 3530 1289 3599 eiusdem
1333 3533 1481 3604 exhibent
1506 3554 1727 3600 oroursrvs
1750 3538 1896 3623 exiguus,
1926 3554 2064 3601 rsroo·

560 3623 682 3707 generis
702 3620 939 3705 insequentibus
953 3620 1099 3687 conciliis
1113 3641 1181 3685 non
1195 3619 1289 3687 suerit
1333 3643 1403 3690 sess
1426 3639 1608 3700 mercator,
1639 3642 1920 3701 cresconius,
1942 3624 2063 3707 aliique

560 3706 789 3781 obseruatum3
820 3704 1173 3773 eaanormaislaveri
1193 3725 1290 3791 atque
1333 3730 1371 3776 ex
1393 3709 1524 3773 Latinis.
1581 3710 1819 3775 Atroauurs
1840 3706 2062 3786 scholasticus,

561 3794 696 3879 legitimi
713 3794 843 3860 concilii
856 3795 890 3858 in
910 3791 992 3861 hisce
1008 3795 1121 3879 procul
1142 3790 1288 3873 abfuisse,
1334 3814 1526 3871 nuorrvs,
1550 3796 1667 3879 aliique
1681 3814 1718 3862 ex
1731 3794 1877 3873 Graecis,
1893 3814 1993 3860 sunus
2009 3812 2061 3858 ea-

561 3878 647 3945 rebte
662 3877 738 3945 inde
750 3882 922 3967 colligitur.
972 3879 1188 3947 Romanenses
1202 3882 1290 3965 equi·
1334 3902 1436 3949 nones
1462 3877 1656 3965 apostolicos
1690 3898 1884 3960 numerant,
1909 3880 2063 3967 aquibus

562 3963 637 4029 dern
652 3965 836 4047 persuadere
850 3970 944 4034 nobis
960 3987 1132 4049 conantur,
1144 3965 1291 4054 apostolos
1334 3990 1404 4037 non
1419 3964 1543 4034 differre
1556 3966 1730 4049 editiones,
1754 3968 1915 4053 inquibus
1930 3962 2062 4052 quidam

562 4052 728 4135 interfmffe
743 4052 835 4133 (hiric
852 4054 995 4139 concilio)
1012 4072 1163 4139 tanquam
1179 4054 1291 4117 iudices
1334 4076 1475 4123 canones
1491 4052 1734 4134 contrahuntur,
1748 4072 1783 4121 vt
1797 4071 1921 4119 tantum
1938 4072 2064 4133 cxxxiv,

560 4139 607 4205 ars
626 4139 844 4225 definiendum,
862 4143 1050 4228 presbyteros
1060 4143 1106 4205 ad
1123 4140 1293 4223 constestan-
1333 4162 1449 4222 suoru,
1459 4160 1551 4207 txusr
1560 4143 1611 4207 vel
1619 4162 1722 4209 txxvu
1731 4140 2066 4217 autuxxvexhibeant,

564 4226 655 4305 alum,
672 4223 790 4308 psaltem
810 4243 913 4293 autem
927 4250 989 4293 non
1003 4244 1166 4305 vocatam,
1177 4228 1292 4309 fidea-
1334 4232 1408 4297 viris
1418 4228 1520 4295 dosiis
1528 4226 1790 4296 obseruatumell.
1812 4222 2064 4295 Romanensruru

562 4333 634 4378 men
646 4312 768 4398 atlsurffe
783 4314 822 4383 ὅ
835 4314 1010 4401 ‘onstnstffli
1032 4334 1093 4380 non
1108 4316 1229 4399 quidem
1242 4314 1294 4377 de·
1337 4339 1436 4403 porro
1444 4315 1594 4381 nonnulli
1604 4336 1742 4382 canones
1756 4314 1831 4385 istos
1846 4335 1946 4381 cxxxv
1955 4314 2064 4381 omni·

554 4400 695 4487 finiendo
711 4415 767 4463 aut
777 4398 967 4483 disputando,
974 4402 1294 4486 stdtantumaudien·
1336 4426 1383 4471 no
1394 4401 1594 4486 adprobante
1617 4404 1680 4485 alii,
1688 4421 1723 4470 vt
1734 4422 1972 4483 sumturus,
1986 4416 2061 4465 som.

565 4486 604 4549 do
621 4488 660 4557 (5
670 4508 732 4551 non
746 4487 949 4550 reclamando.
993 4492 1041 4554 lta
1055 4487 1185 4576 quidem
1205 4508 1294 4556 nou.
1336 4497 1362 4559 1.
1370 4488 1474 4556 concil.
1483 4507 1517 4574 p.
1526 4509 1572 4574 ¹4·
1595 4487 1677 4557 duos
1690 4508 1837 4571 rantum,
1855 4491 1912 4556 alii>
1921 4492 2064 4577 quinque

567 4592 875 4654 srsttusrruvs,
897 4573 990 4637 lilal.
1008 4577 1045 4638 de
1059 4578 1213 4658 conciliis,
1228 4594 1296 4659 cap.
1336 4582 1497 4657 eximunt,
1521 4596 1637 4663 eosque
1680 4598 1822 4663 emeram
1835 4574 1989 4663 apostolis
2007 4576 2064 4639 tri·

566 4662 602 4727 X
601 4663 655 4725 VI.
677 4681 756 4725 sav.
770 4680 916 4741 usurus,
927 4664 1035 4727 roma.
1046 4665 1149 4729 concil.
1151 4682 1186 4749 p.
1193 4686 1219 4728 ι.
1227 4665 1296 4728 alii·
1338 4668 1417 4745 bui,
1440 4662 1566 4733 censent
1580 4687 1590 4741 3
1619 4599 1757 4753 resiquos
1773 4686 1832 4751 pro
1845 4667 1991 4751 genuinis
2007 4661 2065 4727 ha·

564 4766 639 4833 que.
682 4743 743 4821 sed
751 4749 843 4816 omni
859 4742 1071 4821 fundamento
1078 4746 1161 4821 hanc
1170 4748 1295 4827 destitui
1337 4756 1459 4907 beot-o
1471 4750 1535 4817 Alii
1550 4750 1669 4835 rursus,
1685 4752 1808 4829 reiectis
1820 4770 1902 4821 xxxv
1914 4750 1994 4833 illis,
2008 4746 2067 4847 qui

1470 4858 1560 4908 000
1589 4856 1609 4911 2
2030 4850 2069 4905 tn
