5259 5967
628 698 694 775 DE
714 696 1160 775 ivtisruvorttrin
1182 702 1609 777 ECCLESthTlCA.
1829 724 1894 807 ⁶57

379 853 502 919 intuitu
525 845 686 939 dignitatis
714 848 866 913 oninium
886 864 955 915 erat
973 845 1112 932 aequali·
1157 850 1184 915 I.
1202 848 1271 913 Cor.
1287 851 1326 913 V.
1341 868 1378 933 ι).
1401 870 1488 915 cciii-i
1503 851 1686 939 colligitur,
1721 856 1830 925 sriistia
1845 882 1893 927 re.

379 960 448 1013 tasi
469 939 576 1003 multo
590 940 700 1003 minus
712 936 770 1001 vni
789 936 963 1019 imperium
979 930 1113 1019 aliquod
1157 938 1281 1001 nitente
1303 956 1354 1005 io.
1378 956 1475 1003 siaiu
1490 958 1583 1019 iiio,
1607 937 1645 1006 de
1657 944 1779 1027 ffnedr.
1801 964 1893 1015 ieter.

378 1044 436 1093 aut
456 1024 596 1110 poteslas
609 1028 645 1091 in
664 1022 765 1088 allum
780 1023 986 1089 tribuebatur.
1039 1022 1113 1105 tepi-
1156 1022 1302 1089 Elraeor.
1323 1022 1419 1091 tini.
1440 1046 1506 1111 cap.
1524 1031 1612 1096 Vm,
1678 1030 1722 1097 A,
1737 1053 1807 1097 eam
1831 1056 1891 1120 pm

378 1114 498 1198 scopos
514 1115 755 1179 enimeaaetate
769 1130 789 1173 a
801 1104 1113 1197 presbyterisdistin·
1156 1130 1263 1195 poena
1276 1112 1364 1177 ciuili
1381 1110 1561 1181 habendam
1575 1136 1645 1181 non
1657 1116 1733 1198 esse,
1756 1123 1820 1185 iam
1834 1142 1888 1187 an·

379 1200 471 1277 dios,
489 1216 546 1267 aut
558 1201 597 1265 iis
609 1198 785 1285 superiores
799 1196 904 1277 fuisse,
947 1192 1015 1263 uod
1029 1216 1113 1263 non·
1157 1215 1208 1265 tea
1221 1200 1421 1267 monuimus.
1473 1202 1524 1266 sic
1538 1202 1573 1273 dt
1587 1206 1622 1269 in
1642 1206 1769 1291 reliquis
1782 1214 1886 1274 omni-

379 1286 462 1353 nulli
475 1282 532 1352 fibi
545 1280 828 1373 persuadent,sine
842 1282 910 1351 vllo
961 1280 1114 1350 ndamen·
1159 1285 1218 1350 bur
1233 1304 1281 1351 res
1302 1304 1487 1372 comparata
1501 1284 1554 1357 est.
1622 1292 1654 1357 Si
1669 1297 1890 1381 oinniaquim

379 1391 418 1439 ro
435 1370 595 1440 adseritur.
637 1374 719 1439 Non
733 1390 888 1459 repetam,
903 1392 986 1457 quae
998 1374 1065 1439 iarn
1077 1390 1116 1438 ex
1158 1367 1393 1459 diligentissime
1405 1370 1632 1459 ponderauerls
1640 1422 1652 1459 ,
1677 1381 1756 1447 nihil
1770 1384 1890 1469 inapo-

378 1456 527 1531 instituto
536 1456 683 1527 haedere
697 1457 858 1547 disputaui
871 1463 908 1525 in
917 1460 1064 1547 differem
1078 1458 1116 1523 de
1158 1457 1267 1527 llolita
1283 1456 1408 1525 eeclefia
1425 1458 1649 1546 deprehendes,
1664 1465 1753 1553 quod
1762 1472 1889 1555 imperii

379 1552 501 1637 urigine
529 1550 569 1621 θ’
597 1548 744 1635 potestne
776 1547 978 1633 episcoporum
1006 1562 1115 1613 contra
1158 1545 1325 1614 cuiusdam
1345 1548 1446 1613 ciuilis
1463 1549 1598 1633 speciem
1618 1558 1766 1640 praebere
1786 1574 1889 1643 queat.

381 1642 479 1703 thr.
498 1634 709 1715 Dodwellum,
733 1635 913 1721 praesertim
932 1644 961 1715 ς.
981 1638 1019 1703 ls.
1029 1635 1114 1735 fiqq.
1157 1632 1347 1699 Generatim
1372 1633 1500 1720 specim
1530 1634 1714 1722 christiani,
1746 1646 1888 1712 membri

382 1722 507 1791 Ordine
522 1742 631 1791 autem
645 1721 788 1811 quodam
802 1742 884 1807 opus
895 1721 1002 1801 fiiill‘e,
1016 1743 1053 1786 ac
1066 1719 1114 1787 di·
1157 1738 1248 1788 erant
1265 1724 1360 1785 unius
1378 1724 1513 1805 corporis
1530 1725 1660 1810 mystici,
1685 1731 1775 1799 cuius
1793 1750 1891 1819 caput

383 1811 545 1891 redione,
559 1810 741 1898 praesertim
755 1812 879 1892 quoties
894 1806 1054 1875 clirilliani
1068 1808 1115 1873 sa·
1157 1823 1225 1875 erat
1238 1806 1382 1875 Christus
1389 1854 1401 1890 ,
1424 1809 1499 1895 Eph.
1515 1816 1540 1877 1.
1554 1834 1599 1881 ιι.
1614 1836 1657 1899 ij.
1675 1821 1711 1882 V.
1719 1837 1769 1901 5²·
1792 1816 1890 1886 adeo.

383 1919 515 1965 ctorum
529 1897 632 1963 caussa
648 1896 903 1971 conueniebant;
933 1893 1009 1964 liinc
1025 1896 1060 1963 &
1072 1896 1114 1963 ri·
1158 1914 1221 1981 que
1234 1914 1304 1958 non
1319 1896 1407 1975 alio,
1431 1917 1529 1981 quain
1544 1904 1637 1967 vnius
1650 1898 1724 1971 fidei
1738 1905 1773 1975 &
1788 1904 1892 1973 chari.

385 2001 437 2053 tue
456 1982 614 2072 quosdam
629 2004 666 2049 ac
687 1984 897 2053 caerimonias
912 2004 952 2051 eo
967 1999 1115 2069 tempore
1158 1983 1232 2047 tatis
1245 1983 1400 2062 vinculo,
1421 1984 1505 2051 inter
1518 1983 1549 2051 se
1559 1992 1765 2071 uniebantur,
1786 1992 1892 2078 Ephtfi

382 2070 601 2145 introduslasr
623 2089 732 2150 nenio,
746 2066 803 2138 nisi
817 2071 874 2155 qui
886 2066 1001 2135 harum
1010 2086 1115 2134 rerum
1158 2072 1252 2153 1V.3.
1260 2090 1295 2152 4.
1339 2067 1433 2152 Quae
1445 2088 1555 2141 autem
1572 2070 1647 2145 hinc
1661 2076 1736 2145 inde
1749 2080 1785 2145 in
1797 2086 1890 2147 certis

383 2162 481 2249 plane
490 2178 597 2245 expers
609 2154 663 2235 ell,
680 2158 855 2241 negauerit.
901 2158 1015 2243 Neque
1023 2153 1116 2223 dubi·
1160 2157 1239 2223 locis
1251 2171 1341 2222 erant
1355 2151 1511 2239 ecclesiae,
1527 2174 1562 2225 vt
1575 2158 1736 2233 societates
1750 2170 1890 2253 patricu-

383 2246 532 2323 tandum,
546 2247 625 2330 quin
640 2240 861 2329 apostolorum
869 2288 881 2324 ,
896 2244 1000 2331 &pro
1014 2264 1048 2310 te
1059 2262 1117 2307 na»
1159 2244 1240 2309 lares
1252 2237 1499 2313 considerandae
1516 2266 1622 2329 erant,
1636 2252 1671 2319 in
1683 2253 1721 2319 iis
1728 2296 1741 2334 ,
1754 2274 1836 2338 quae
1849 2252 1890 2324 ad

385 2352 419 2399 ta
440 2333 712 2419 presbyterorum,
733 2331 766 2396 in
782 2328 831 2395 liis
846 2333 999 2397 omnibus
1013 2346 1117 2415 partes
1160 2329 1350 2429 religionem
1368 2349 1437 2395 non
1461 2330 1668 2417 spediabant,
1693 2338 1890 2427 magistratui

384 2423 531 2509 potiores
545 2416 672 2484 luerint.
717 2418 847 2487 lntetim
859 2417 939 2485 haec
952 2420 1065 2483 omnia
1080 2410 1118 2487 si·
1160 2418 1249 2487 ciuili
1262 2416 1437 2497 subiectae,
1451 2420 1486 2483 in
1501 2421 1538 2487 iis
1551 2442 1641 2505 veto,
1655 2445 1736 2509 quae
1749 2446 1787 2491 eo
1801 2448 1890 2493 com.

385 2529 428 2575 ne
444 2508 596 2593 imperio.
606 2504 732 2591 sineque
745 2502 902 2593 potestate
915 2504 1117 2591 legislatoria,
1161 2519 1270 2591 parata
1281 2520 1380 2583 erant,
1397 2506 1662 2591 presbyterorum,
1678 2509 1890 2599 &apost010.

385 2592 537 2662 conslitui
552 2608 713 2679 poterant.
755 2592 1027 2660 Crescenteetiani
1035 2588 1118 2657 cliti-
1160 2611 1234 2657 ruin
1253 2592 1404 2672 monitis,
1424 2592 1583 2677 consiliis,
1603 2594 1891 2687 adhortationibus,

387 2680 564 2749 stianorum
582 2700 735 2757 numero,
750 2678 882 2745 subinde
898 2679 1117 2765 contingebat,
1160 2679 1272 2745 locum
1287 2679 1510 2766 relinquentes.
1566 2684 1658 2767 Quae
1670 2708 1744 2757 cum
1761 2690 1805 2754 ita
1818 2687 1890 2775 sint,

387 2789 424 2837 vt
438 2766 588 2834 nonnulli
607 2786 677 2833 non
696 2766 820 2852 semper
838 2760 936 2832 officii
952 2766 999 2834 sui
1013 2764 1117 2831 obser·
1161 2766 1380 2851 maximopere
1392 2764 1555 2849 falluntur,
1564 2774 1629 2857 qui,
1640 2772 1891 2865 ecclesianiapo-

389 2872 503 2927 uateiit
519 2856 680 2921 rationein
694 2874 705 2930 ς
732 2872 815 2939 quos
829 2849 1117 2931 admonitionibus,
1161 2850 1306 2918 llolicam
1316 2847 1357 2921 ad
1371 2854 1561 2938 reipublicae
1574 2858 1739 2929 cuiusdam
1748 2864 1890 2933 formam

388 2940 684 3027 increpationibus,
697 2941 734 3005 in
747 2938 872 3007 redum
890 2937 1038 3006 reducere
1053 2955 1117 3007 tra-
1159 2934 1372 3092 compositam
1386 2936 1489 3022 fuisse,
1506 2943 1717 3015 contendunt.
1767 2952 1891 3019 Roma.

385 3034 546 3112 mitem,a
570 3026 666 3095 ostoli
678 3028 912 3114 presbyterique
924 3021 1118 3092 suarumdu·
1159 3046 1224 3093 nen
1236 3026 1307 3091 ibus
1325 3024 1483 3093 eiusmodi
1497 3028 1574 3119 quid
1592 3034 1625 3099 in
1637 3054 1782 3103 mentem
1800 3041 1891 3105 veni·

389 3133 506 3186 xerunt
519 3050 578 3184 ede
597 3118 749 3203 partium.
802 3114 951 3199 Quarum
965 3128 1117 3183 nontan·
1159 3132 1205 3195 re,
1218 3114 1337 3179 mimm
1350 3133 1419 3180 non
1433 3112 1503 3191 esti
1526 3120 1658 3205 quippe,
1680 3142 1820 3206 quorum
1834 3145 1891 3193 ve-

390 3224 460 3273 tum
470 3206 505 3285 in
516 3202 657 3291 epillolis
671 3202 759 3269 Pauli
770 3200 1118 3288 exemplaquampluti·
1158 3197 1326 3271 hementer
1340 3200 1484 3283 interesl,
1496 3203 1656 3274 ecclesiam
1664 3229 1724 3294 pro
1739 3232 1772 3279 re
1783 3212 1890 3299 publi.

389 3312 445 3359 ma
459 3307 649 3368 occurrunt,
664 3286 717 3355 sed
728 3288 860 3374 ipsemet
872 3284 1047 3355 Timotheo
1061 3308 1118 3374 pa·
1159 3308 1198 3354 ca
1209 3283 1349 3373 quadarn
1362 3286 1490 3371 habeti,
1512 3293 1547 3359 iii
1558 3314 1621 3379 qua
1632 3295 1777 3382 suprema
1791 3320 1891 3385 penes

387 3381 466 3449 riter
479 3400 517 3445 ac
531 3378 609 3443 'l'ito
621 3376 691 3455 suo,
707 3373 795 3441 idem
808 3394 845 3439 vi
857 3374 1013 3456 facerent,
1028 3394 1118 3460 prae·
1204 3370 1347 3441 ntificern
1359 3371 1395 3445 sit
1408 3375 1563 3463 poteslas,
1578 3402 1672 3469 quem
1681 3386 1734 3451 alii
1743 3389 1891 3473 iampro-

391 3468 488 3553 cepit,
502 3468 525 3529 l.
539 3468 616 3529 Tim.
626 3468 663 3528 V.
677 3482 723 3528 20.
745 3466 788 3527 ll.
804 3464 880 3527 Tim.
897 3466 989 3543 11·²5·
1018 3462 1077 3527 Tit.
1091 3464 1118 3525 1.
1184 3464 1310 3559 igarunt
1321 3481 1480 3540 erroremr
1502 3486 1698 3553 quamquam
1713 3472 1891 3560 &copiose

385 3574 417 3639 9.
434 3574 471 3637 ij.
500 3554 545 3617 Ea
558 3570 636 3617 vero
651 3550 768 3615 iterum
783 3551 919 3651 ratione,
931 3548 961 3615 se
974 3564 1119 3613 nontam
1161 3546 1255 3615 deco
1272 3543 1397 3619 dicium
1410 3546 1446 3617 sit
1460 3554 1493 3615 in
1506 3553 1599 3661 instit.
1618 3554 1707 3623 theol.
1721 3560 1820 3646 dogm.
1834 3561 1890 3635 lib.

390 3631 1120 3811 iiiiziiiiiit‘timeri
1161 3632 1889 3821 iiiiititularemii

390 3812 482 3902 quod
495 3812 633 3903 apostoli
647 3808 802 3910 poteslate
823 3810 1028 3911 miraculosa,
1042 3832 1119 3898 poe·
1160 3806 1310 3899 synedrii,
1319 3810 1889 3913 autspnagogaeiudaicaeexemplar,

391 3922 451 3969 nas
465 3904 571 3965 minus
581 3902 746 3987 morigeris
759 3892 933 3983 infligendi,
943 3898 1121 3985 pollebant,
1162 3893 1326 3965 ecclesiam
1338 3897 1543 3967 christianam
1560 3902 1770 3991 compositam
1786 3906 1889 3994 fuisse,

395 4009 458 4075 qua
474 3987 519 4065 dt,
533 3988 607 4053 lieet
619 4007 703 4063 raro,
717 3980 762 4051 vsi
775 3983 867 4060 sunta
888 3988 985 4051 aslon
997 3990 1032 4050 V.
1036 4002 1070 4069 5.
1078 3999 1120 4051 io.
1162 3983 1217 4052 sibi
1230 3982 1435 4070 persuadenti
1461 4007 1538 4073 quas
1552 3992 1695 4057 virorum
1715 3990 1888 4063 doctorum

395 4079 485 4144 xlll.
500 4094 535 4137 ii.
559 4077 586 4136 1.
604 4078 673 4139 cor.
688 4078 725 4139 V.
740 4092 773 4157 5.
787 4074 872 4157 seqq.
899 4077 925 4136 Ι.
944 4076 1020 4139 lina
1034 4080 1060 4141 1.
1072 4094 1120 4139 ro.
1162 4072 1334 4141 sententias
1348 4072 1512 4161 diligenter
1526 4074 1619 4143 refert
1634 4100 1888 4151 cunisronu.

395 4164 489 4247 Quae
504 4180 579 4225 cuin
592 4156 665 4224 ideo
680 4158 846 4226 necessaria
861 4158 947 4241 esset,
987 4164 1120 4231 uoniam
1163 4180 1323 4231 murrii.
1345 4182 1555 4242 irnrrivs,
1583 4168 1618 4230 in
1639 4168 1783 4255 originali.
1809 4171 1890 4239 iuris

393 4250 531 4333 imperio
544 4244 706 4325 humano,
722 4244 931 4334 facultateque
945 4180 1043 4331 adeo,
1061 4270 1121 4335 pu·
1162 4247 1310 4333 eccieſsast.
1325 4268 1390 4334 cap.
1399 4254 1440 4317 ll.
1449 4252 1540 4317 artic.
1546 4254 1605 4319 111.
1614 4272 1647 4339 p.
1654 4266 1702 4329 rr.
1704 4258 1786 4341 fiqq.
1794 4258 1889 4343 Quae

396 4334 507 4404 niendi
517 4336 663 4421 grauiora
674 4352 804 4418 peccata
811 4337 1062 4415 committentes,
1070 4356 1121 4405 in·
1165 4340 1277 4399 omnia
1290 4356 1358 4401 non
1378 4356 1504 4405 tantum
1521 4336 1584 4405 sine
1597 4358 1685 4408 certo
1699 4342 1890 4413 tundamen-

397 4420 579 4501 defluente,
597 4418 859 4499 destituebanturi
881 4418 1121 4491 confirmariin-
1165 4440 1202 4488 to
1224 4418 1307 4503 dici,
1330 4421 1380 4489 sed
1398 4424 1430 4493 dc
1450 4427 1490 4493 ab
1505 4424 1611 4493 indole
1634 4427 1890 4517 &simplicitate

396 4508 438 4580 de
452 4516 560 4597 potius
574 4504 678 4574 nollra
693 4505 848 4575 sententia
859 4508 979 4595 potest,
994 4529 1138 4579 tantum·
1163 4506 1331 4579 christiana
1344 4557 1354 4591 ,
1373 4533 1453 4598 quae
1467 4536 1506 4581 eo
1519 4533 1663 4605 tempore
1685 4516 1763 4600 fuit,
1785 4522 1888 4587 aliena

396 4594 492 4676 abeli,
504 4594 762 4662 vtlaliesadletur.
805 4596 1113 4667 Ercommunieatio-
1164 4598 1241 4679 ell'e,
1255 4598 1383 4684 probari
1395 4600 1484 4668 facile
1496 4602 1615 4689 posset,
1636 4601 1658 4674 si
1673 4603 1755 4673 hisce
1769 4610 1890 4675 immo-

397 4706 474 4755 neni
488 4687 523 4751 iii
536 4681 712 4771 apostolica
726 4680 852 4755 ecclesia
866 4684 1123 4773 invsufiiiss'mx
1164 4684 1282 4755 tantas
1294 4684 1380 4753 esset.
1421 4690 1576 4783 Magnam
1592 4692 1741 4787 equidem
1753 4698 1888 4763 illorum

481 4792 558 4845 sie.
571 4788 725 4843 uacuos.
1251 4772 1353 4845 000
1370 4796 1394 4849 o
1814 4800 1890 4871 prae
