5259 5967
548 736 608 807 or
629 736 800 823 umoris,
824 738 977 828 mrtuvs
998 736 1289 809 rrrrotoeuur
1311 718 1497 807 uranus
1518 731 1825 807 contemtus
1892 749 1935 817 49

413 888 552 969 scilicet,
566 908 604 954 ac
620 882 809 954 infirtnitate
821 886 977 972 humana,
991 891 1083 955 euius
1096 908 1156 955 nec
1181 946 1184 951 .
1199 884 1281 975 ptio'.
1305 886 1433 954 Nullibi
1448 886 1531 969 sete,
1547 906 1652 1041 qqatn
1670 886 1706 951 itt
1718 884 1787 968 his,
1802 856 1937 955 roffi

414 978 570 1045 homines
594 976 730 1063 regeniti
753 976 912 1043 immunes
944 976 1028 1043 sunt.
1073 977 1156 1041 Non
1197 970 1331 1039 uiuendi
1346 977 1454 1057 ratio,
1476 974 1554 1040 null'
1583 976 1588 987 '
1610 970 1716 1061 plures
1728 972 1934 1060 voluptatum

413 1078 549 1131 tautum
562 1080 673 1129 autem
689 1059 728 1128 de
744 1063 940 1144 voluntatis,
956 1059 1096 1131 sedtede
1105 1068 1154 1129 in·
1199 1062 1383 1141 illecebrae,
1415 1062 1529 1128 nullibi
1550 1060 1643 1148 plura
1666 1054 1706 1124 ad
1734 1058 1933 1147 peccandum

413 1150 561 1219 rellestus
594 1152 682 1217 vitiis
712 1151 887 1235 loquitur,
925 1148 1078 1236 siquidem
1119 1154 1154 1215 in
1196 1152 1418 1230 irritamenta,
1442 1153 1545 1216 immo
1566 1146 1682 1215 nullibi
1695 1146 1801 1213 maior
1823 1170 1941 1235 percae

414 1240 561 1325 utrisque
595 1234 738 1303 humana
764 1236 797 1303 se
817 1236 927 1323 prodit
946 1238 1157 1303 imbecillitas.
1202 1254 1310 1303 torum
1336 1238 1520 1321 impunitas.
1586 1236 1673 1301 Cum
1704 1228 1850 1301 officinae
1871 1238 1940 1303 vir--

415 1328 633 1413 Turpitetque
647 1323 820 1405 falluntur,
845 1328 919 1412 qui,
940 1323 983 1391 ad
1004 1325 1156 1390 voluuta-
1199 1340 1333 1404 tutum,
1364 1324 1399 1392 &
1429 1322 1594 1392 domicilia
1622 1320 1826 1406 sapientiae,
1860 1322 1940 1389 arv*

417 1420 461 1482 tis
476 1415 578 1492 vitia,
592 1414 693 1479 etiam
706 1414 872 1499 grauiora,
888 1409 1073 1491 excusanda,
1088 1430 1156 1476 tam
1199 1408 1323 1477 demiae
1344 1410 1402 1477 else
1423 1407 1584 1487 debeante
1605 1410 1762 1476 vitiorum
1782 1412 1932 1477 omnium

415 1504 517 1591 proni
532 1500 623 1576 sunta
638 1498 818 1566 intellectus
842 1520 966 1565 nautam
990 1498 1156 1586 perfesiio-
1199 1498 1332 1577 nullibi,
1349 1519 1447 1583 quam
1462 1500 1497 1564 in
1507 1500 1563 1578 iis,
1580 1498 1695 1563 laetior
1709 1492 1876 1565 efflorescit
1888 1496 1933 1565 se·

417 1612 497 1656 nem
515 1586 592 1667 else,
608 1604 744 1672 putant,
760 1606 796 1652 ut
818 1590 969 1653 omnium
984 1590 1054 1673 quis
1070 1606 1154 1651 erro·
1199 1608 1261 1675 ges.
1277 1585 1349 1650 Nec
1365 1585 1502 1650 aliorum
1511 1582 1632 1666 modo,
1647 1586 1703 1670 qui
1711 1581 1853 1651 eiusdem
1861 1585 1934 1653 suat

416 1698 494 1745 rum
508 1695 618 1761 expers
633 1673 695 1740 else
708 1692 823 1762 queat,
839 1672 915 1741 hine
931 1696 989 1740 nec
1009 1675 1105 1753 alios,
1119 1676 1154 1739 in
1198 1673 1327 1751 aetatis,
1351 1668 1412 1752 sed,
1426 1670 1514 1759 quod
1531 1670 1707 1740 dolendum
1716 1675 1863 1753 maxime,
1877 1672 1935 1759 qui

416 1767 512 1831 rebus
524 1765 736 1849 quantumuis
752 1764 897 1827 minimis
913 1779 1071 1841 errantes,
1096 1759 1152 1825 ser·
1197 1758 1322 1846 ipsimet
1344 1762 1472 1827 virtutis
1498 1762 1532 1829 ὅ(
1559 1758 1730 1847 sapientiae
1752 1758 1936 1845 exemplum

414 1874 451 1925 re
467 1852 613 1939 possunt,
628 1844 693 1913 hoc
707 1849 786 1935 ipso,
804 1846 1001 1915 erroribusse
1015 1848 1153 1912 obnoxi·
1196 1848 1367 1914 iuuetubus
1387 1850 1509 1935 praeire
1527 1845 1694 1927 debebant,
1712 1842 1816 1927 distis,
1833 1844 1934 1929 fastis,

415 1934 749 2021 os,demonstrantes.
820 1936 931 2023 Longe
946 1934 1151 2019 tediussapi-
1196 1933 1400 2020 dogmatibus
1421 1951 1559 2022 aguntur
1586 1936 1621 1999 in
1643 1932 1860 2000 transvorsum
1888 1948 1934 2001 te·

414 2043 491 2106 unt,
506 2027 564 2112 qui
579 2026 764 2107 utriusque,
783 2023 819 2089 ὅ(
834 2023 1015 2090 ἰητεΙΙεᾶυς
1038 2020 1073 2087 &
1095 2041 1155 2086 vo·
1199 2043 1293 2087 uerae
1306 2040 1447 2102 mentes,
1472 2018 1563 2090 &ad
1580 2024 1683 2109 turpia
1697 2016 1934 2108 quaeuisabdu·

415 2117 572 2192 luntatis,
589 2108 631 2176 ad
647 2110 749 2197 lapsus
766 2114 874 2177 varios
887 2112 921 2178 δε
944 2128 1065 2175 errores
1079 2129 1154 2195 pro·
1199 2124 1326 2175 cuntur.
1371 2112 1452 2187 lam,
1461 2132 1535 2176 cum
1547 2110 1701 2197 plerique,
1710 2111 1767 2195 qui
1775 2106 1816 2176 ad
1823 2104 1934 2175 acade-

416 2205 556 2268 nitatem
577 2198 801 2284 agnoscentes,
818 2220 858 2264 eo
872 2220 926 2263 ma
948 2201 974 2262 is
990 2194 1030 2262 ad
1046 2217 1155 2281 pteees
1199 2193 1458 2276 miasaccedunt,
1475 2201 1540 2263 iam
1549 2214 1643 2263 antea
1653 2198 1844 2264 eamanimo
1853 2214 1933 2261 cott-

419 2288 452 2356 se
465 2290 638 2375 recipiunt,
661 2286 776 2372 quibus
791 2308 809 2351 a
824 2288 895 2351 Deo
920 2218 1067 2371 spiritum
1084 2282 1155 2347 lin-
1199 2286 1341 2369 ceperint
1362 2286 1583 2370 opinionem,
1606 2286 1641 2351 in
1662 2286 1700 2350 iis
1747 2279 1851 2350 uiduis
1878 2280 1934 2351 sibi

418 2377 529 2458 sium,
549 2394 609 2439 ceu
621 2373 769 2457 spiritum
793 2375 955 2454 ueritatis,
980 2372 1155 2455 impetrent,
1199 2369 1244 2435 fas
1258 2370 1572 2459 else,libertatisque‚
1585 2374 1724 2459 quamia
1761 2374 1850 2453 tant,
1863 2390 1934 2441 aca-

416 2461 783 2552 quteosdueetueaetm
795 2458 1156 2529 altusmtnomnem
1199 2455 1342 2525 demicae
1352 2454 1435 2525 hanc
1445 2458 1504 2527 else
1512 2457 1668 2540 indolem,
1677 2461 1852 2547 vtimpune
1860 2478 1934 2545 pee-

416 2552 599 2627 mitatem,
613 2549 700 2610 loen.
713 2546 801 2623 XVI,
817 2563 855 2626 15·
1199 2566 1271 2613 care
1298 2545 1416 2621 liceat,
1438 2543 1517 2631 quid
1537 2546 1684 2626 mirum,
1708 2542 1730 2613 si
1758 2562 1935 2635 augeantur

530 2636 546 2673 *
567 2629 686 2718 Quod,
706 2631 762 2717 qui
781 2628 955 2698 dotiumm
979 2625 1155 2717 aliquando
1199 2632 1326 2719 potius,
1348 2653 1447 2717 quam
1461 2629 1673 2700 emendentur
1693 2648 1750 2699 aut
1770 2634 1934 2719 corrigan-

417 2728 458 2793 in
472 2719 601 2791 eeclesia
617 2718 708 2805 fungi
723 2720 861 2804 eupiunt
877 2739 1020 2797 munere,
1034 2718 1155 2805 grauis·
1199 2738 1261 2801 tur,
1278 2721 1435 2785 iuuenum
1450 2721 1541 2787 vitia.
1584 2720 1625 2787 Et
1661 2722 1708 2787 uis
1722 2719 1934 2795 nonbeaeun

419 2809 529 2892 sanus,
544 2830 617 2897 prae
630 2806 779 2892 reliquis,
797 2806 934 2871 obnoxii
954 2801 1015 2871 sint
1030 2807 1156 2891 petitu·
1198 2806 1386 2893 felicemque
1401 2806 1541 2891 censeat,
1556 2811 1612 2893 qui
1621 2740 1682 2877 ido
1697 2806 1860 2874 malorum
1867 2823 1934 2875 tot-¹

419 2902 482 2980 lis,
498 2916 569 2964 tum
587 2916 626 2962 ex
642 2893 842 2959 naturalibus
859 2886 970 2959 caushs
991 2892 1154 2977 prouenit,
1199 2910 1287 2960 rente
1315 2916 1386 2959 non
1410 2916 1473 2960 vna
1494 2896 1675 2985 abripitur?
1705 2913 1785 2975 aut,
1816 2891 1839 2963 fi
1862 2896 1937 2982 quie

417 3008 493 3057 tum
508 2980 780 3069 exspirt'tttale'btts.
837 2978 890 3045 Ad
905 2978 1064 3044 naturales
1079 2974 1156 3045 refe-
1200 2980 1303 3047 saluus
1329 2982 1567 3068 incolumisque
1582 3002 1620 3050 ex
1634 2998 1684 3048 tot
1700 2982 1847 3068 perieulis
1860 3002 1936 3055 eua-

418 3096 458 3144 ro
472 3076 575 3161 iplam
595 3086 735 3135 aetatem
750 3068 943 3147 iuuenilem,
960 3068 996 3133 in
1033 3088 1073 3132 ua
1090 3064 1155 3150 ple·
1200 3065 1343 3153 stt,quis
1367 3090 1438 3134 non
1461 3071 1490 3135 ei
1507 3068 1705 3157 gratuletur?
1727 3070 1779 3136 Ad
1781 3070 1933 3155 spiritua·

418 3180 558 3247 rumque
572 3152 737 3224 constituti
756 3153 853 3235 sunt,
876 3156 934 3241 qui
952 3150 994 3220 ad
1010 3086 1156 3221 iiudium
1200 3155 1243 3221 les
1259 3154 1377 3221 caussis
1396 3153 1488 3242 quod
1510 3158 1648 3239 attinet,
1670 3177 1769 3225 nemo
1791 3153 1855 3238 est,
1877 3157 1934 3241 qui

419 3249 646 3335 theologicum
666 3245 813 3308 animum
841 3238 1040 3328 adiungunt,
1061 3238 1096 3307 &
1115 3230 1157 3305 ad
1201 3263 1269 3307 non
1292 3241 1392 3308 intell'
1436 3258 1465 3323 t,
1499 3242 1687 3311 infernalem
1707 3244 1838 3333 genium
1864 3257 1936 3313 tun

420 3354 543 3404 munus
568 3332 692 3398 sacrum
720 3348 795 3415 prae
819 3346 960 3395 arantur.
1015 3328 1057 3393 Eu
1078 3346 1156 3393 veto
1201 3329 1286 3409 illis,
1310 3331 1366 3415 qui
1413 3328 1566 3399 odorum
1595 3351 1730 3399 munem
1750 3334 1786 3398 in
1808 3324 1937 3400 ecclelia

419 3445 519 3512 quam
533 3415 635 3499 fluxa,
650 3437 750 3503 quam
763 3350 905 3495 luitici,
927 3436 1025 3501 quam
1048 3411 1089 3479 ad
1102 3434 1157 3477 va·
1201 3416 1380 3503 funguntur
1394 3463 1404 3498 ,
1427 3434 1521 3500 tum,
1543 3421 1601 3507 qui
1623 3416 1738 3495 eodem
1758 3414 1936 3506 aliquande

422 3517 485 3577 rias
503 3510 688 3593 voluptates
708 3524 810 3588 prona
824 3501 860 3570 sit
877 3522 987 3580 aetas,
1008 3503 1078 3587 quis
1100 3520 1157 3566 ne·
1199 3504 1289 3589 iringi
1311 3506 1475 3589 cupiunt,
1499 3508 1638 3571 maxime
1668 3502 1817 3573 insidiari.
1861 3504 1946 3573 tior·

422 3600 499 3665 scit?
521 3600 617 3680 Sique
637 3590 801 3677 aposlolus
826 3590 929 3676 ipsum
944 3588 1157 3655 Timotheum
1201 3588 1343 3667 enimsi,
1368 3593 1463 3669 variis
1484 3611 1693 3677 peccatorum
1714 3595 1834 3679 laqueis
1856 3596 1937 3671 irre,

421 3688 516 3753 suum
528 3680 706 3749 admonere
719 3677 838 3744 neeesse
853 3678 983 3745 habuit:
996 3686 1043 3744 vet
1059 3684 1086 3735 ta
1104 3700 1157 3735 tw·
1201 3680 1298 3759 titos,
1321 3679 1392 3745 suos
1411 3677 1540 3760 feeerit,
1560 3699 1616 3765 per
1639 3677 1769 3747 eosdem
1795 3684 1937 3767 integros

418 3782 517 3843 „mue
529 3776 662 3834 eademne
675 3770 757 3836 eries
807 3764 955 3829 itttttttilts
975 3784 1012 3828 cu
1032 3764 1159 3829 idieates
1201 3760 1503 3833 deindehomirtum
1516 3784 1626 3855 greges
1638 3760 1680 3835 ad
1698 3782 1862 3837 aeternam
1874 3783 1937 3833 tra·

409 3862 497 3946 pege
504 3902 516 3937 ‚
534 3878 563 3921 2.
573 3858 649 3920 Tim.
666 3855 709 3933 ll,
720 3872 766 3917 n.
788 3850 866 3937 quid
881 3848 989 3917 deilli's
1004 3784 1157 3931 dicemus,
1201 3848 1277 3919 here
1299 3854 1500 3941 perniciem,
1535 3855 1564 3920 ei
1593 3850 1681 3921 haud
1713 3848 1841 3921 difficile
1862 3846 1936 3929 erit.

424 3947 485 4032 qui
511 3942 596 4008 nulla
619 3944 744 4007 tatione
775 3961 850 4007 cum
876 3938 1053 4006 Timotheo
1083 3938 1158 4004 sunt
1202 3942 1360 4027 Exemplo
1397 3936 1589 4027 pallorum,
1624 3958 1843 4025 aureorum,
1878 3944 1937 4029 qui

425 4028 663 4115 comparandi?
682 4028 774 4095 Cedet
796 4024 902 4093 adhuc
923 4030 964 4091 in
987 4030 1159 4094 iuuentute
1202 4031 1387 4095 muneribus
1406 4024 1618 4097 ecclehastic'is'
1666 4030 1789 4098 raesunt
1805 4024 1936 4116 ,pluriss

423 4119 555 4205 sanguis
568 4118 720 4195 invenis,
734 4112 941 4181 vndemotus
963 4132 1059 4199 atque
1074 4110 1159 4179 adse·
1202 4120 1248 4182 mi
1279 4119 1379 4203 magis
1417 4132 1617 4199 mouentur,
1638 4050 1736 4203 duam
1769 4115 1938 4193 doenum

424 4208 496 4276 stus
510 4200 781 4283 vehementiores,
795 4202 911 4289 quibus
923 4199 1159 4269 facileindeuia
1201 4224 1399 4291 quamquam
1420 4204 1455 4273 ἀ
1468 4200 1560 4273 haud
1582 4224 1655 4270 raro
1678 4203 1828 4275 dodrina
1847 4208 1887 4273 ab
1899 4208 1939 4274 iis

421 4293 631 4381 abripiuntur
641 4288 813 4377 mortales,
836 4283 894 4354 nist
909 4286 1032 4354 fortiter
1048 4290 1086 4355 iis
1111 4306 1159 4369 re,-
1202 4308 1448 4377 corrumpatur,
1460 4306 1516 4357 aut
1534 4313 1604 4359 non
1615 4292 1705 4375 rede
1722 4310 1944 4383 proponatur,-

422 4378 542 4462 stllant,
555 4395 753 4467 naturaeque
767 4378 942 4471 impetum,
963 4375 1085 4459 iniedlo
1099 4372 1159 4442 ste·
1227 4380 1260 4447 ui
1275 4400 1295 4445 a
1315 4378 1405 4447 testo
1426 4378 1552 4447 virtutis
1575 4376 1777 4451 discesserunt
1791 4384 1940 4463 tramites

424 4488 494 4549 no,
514 4464 711 4545 cohibeant,
731 4468 979 4561 coiectantque,
1001 4466 1160 4531 oriuntur.
1203 4401 1311 4533 sinmo
1326 4468 1363 4533 in
1380 4486 1420 4533 eo
1434 4464 1575 4547 mutue,
1593 4484 1665 4535 tum
1678 4470 1855 4552 naturales,
1869 4485 1943 4537 tun

422 4552 569 4637 Accedit,
585 4554 786 4645 alterumque
800 4548 1015 4618 intei'e'aussas
1032 4570 1159 4619 natuta-
1205 4553 1409 4643 spirituales,
1432 4548 1519 4621 haud
1540 4574 1613 4623 raro
1635 4556 1821 4647 conspirant
1836 4604 1863 4639 ,.
1885 4570 1945 4653 etp

423 4645 469 4711 les
483 4644 594 4710 locum
608 4660 708 4721 tenet,
723 4646 849 4727 magna,
887 4662 945 4709 uae
964 4641 1082 4727 ubique
1097 4638 1162 4707 fere
1207 4664 1263 4731 per
1274 4660 1376 4729 praua
1397 4642 1561 4729 impiaque
1581 4640 1761 4732 dogmata,
1780 4644 1941 4713 erroribus

422 4748 546 4819 regnat,
561 4726 747 4795 scholarum
762 4662 1045 4799 &academiarum
1052 4749 1162 4797 eottu-
1206 4726 1386 4885 intellegus
1403 4728 1587 4815 repleatur,
1607 4734 1644 4803 dr
1658 4734 1819 4811 voluntas,
1836 4728 1877 4800 ad
1887 4746 1943 4831 qe·
