5259 5967
1102 925 1191 1003 86

1776 912 2045 986 LIBRI
2102 912 2750 1025 muoms‘cm’
2783 916 2913 987 VT
2955 916 3452 991 TERTIVM

1106 1096 1543 1163 recentiorum
1582 1090 1779 1155 libros
1836 1084 2187 1175 grassentur
2216 1130 2239 1163 ,
2282 1080 2576 1163 delendo,

1110 1176 1465 1256 mutando,
1498 1170 1999 1259 corrumpendo,
2032 1190 2469 1258 quaecumque
2501 1170 2577 1233 il-

1110 1270 1327 1335 lorum
1360 1265 1609 1351 placitis
1640 1259 2089 1333 aduersantur3
2118 1255 2219 1323 sed
2250 1258 2370 1324 hac
2403 1254 2481 1322 de
2512 1277 2577 1320 re

1112 1356 1287 1425 alibi.
1380 1354 1475 1415 De
1518 1370 1611 1416 10.
1668 1368 1933 1414 Maniai:
1989 1362 2577 1412 BRASICHELLENsxs

1108 1443 1312 1511 indice
1336 1437 1766 1523 expusgaetorio
1799 1441 2100 1512 Romano,
2132 1435 2245 1517 qui
2274 1435 2441 1497 inter
2478 1452 2575 1493 ra-

1115 1534 1313 1597 riores
1360 1527 1555 1590 libros
1611 1521 1825 1587 referri
1872 1521 2055 1600 solet,
2085 1516 2379 1585 videatur
2417 1520 2477 1583 S.
2520 1518 2583 1582 S.

1122 1610 1531 1685 Verzeichmis
1558 1611 1658 1673 ein
1672 1612 1790 1695 ger
1818 1629 1997 1672 rar-er
2038 1604 2273 1671 eucher
2283 1650 2308 1687 ,
2334 1619 2505 1690 part.
2531 1605 2585 1668 Ῑ.

1116 1724 1267 1771 num
1290 1706 1361 1765 V.
1384 1717 1451 1783 p.
1466 1717 1571 1778 5²·
1582 1690 1752 1779 ftqq.

1344 1787 1521 1850 Inter
1551 1804 1682 1861 eos,
1715 1783 1827 1867 qui
1858 1776 2275 1846 cordatorum
2304 1773 2583 1863 pruden-

1120 1893 1390 1959 tumque
1429 1871 1731 1935 omnium
1790 1866 2094 1932 consensu
2154 1860 2401 1951 legendi
2444 1881 2585 1927 non

1118 1963 1303 2039 sunt,
1338 1960 1549 2043 primo
1583 1956 1737 2021 loco
1780 1956 2011 2019 merito
2056 1971 2397 2038 ponuntur
2442 1950 2586 2013 libri

1118 2046 1449 2124 obscoeni,
1468 2046 1843 2128 impuraque
1858 2043 2083 2105 omnia
2106 2039 2453 2105 hominum
2464 2038 2588 2101 im-

1118 2152 1438 2223 purorum
1468 2128 1726 2214 scripta,
1766 2125 1981 2193 versus
2028 2124 2375 2193 fescennini
2398 2170 2419 2204 ,
2456 2142 2589 2189 car-

1123 2223 1305 2289 mina
1334 2220 1651 2301 Priapaea,
1684 2213 1752 2280 &
1784 2210 2097 2299 quidquid
2127 2210 2209 2278 ad
2284 2207 2589 2277 erdendas

1118 2312 1323 2375 bonas
1352 2323 1598 2370 mentes
1626 2300 1949 2367 infernalis
1976 2301 2147 2385 genii
2175 2320 2212 2363 a
2258 2295 2415 2363 flatu
2433 2317 2591 2361 con-

1120 2399 1317 2463 citata
1373 2395 1709 2477 po‘c'tarum
1764 2383 2201 2471 quorumdam
2256 2388 2349 2449 im
2396 2384 2591 2448 robo-

1120 2499 1400 2565 rumque
1466 2473 1815 2542 hominnm
1880 2466 2083 2537 libido
2142 2469 2315 2537 effiin
2360 2491 2461 2537 ere
2517 2487 2591 2534 ac

1122 2562 1533 2637 comminisci
1562 2561 1742 2629 solet.
1828 2560 2003 2625 Cum
2033 2562 2207 2625 enim
2232 2578 2461 2623 omnes
2476 2576 2592 2621 na-

1126 2673 1299 2733 tura,
1326 2648 1679 2718 iniuuenili
1708 2648 1985 2713 maxime
2002 2660 2223 2725 aetate,
2255 2641 2335 2710 ad
2365 2660 2593 2729 prauas

1124 2735 1511 2827 cupiditates
1536 2736 1729 2821 proni
1758 2730 1950 2800 fimus
1978 2756 1999 2808 ς
2048 2752 2271 2798 nonne
2308 2729 2593 2795 summae

1122 2822 1217 2897 est
1238 2818 1743 2911 imprudentiae,
1778 2816 2097 2888 eiusmodi
2145 2819 2459 2884 librorum
2504 2815 2591 2879 le-

1126 2915 1350 2983 &ione
1380 2930 1485 2977 eas
1508 2912 1815 2988 excitare,
1849 2906 2049 2987 alere,
2080 2904 2321 2982 fouere,
2351 2905 2421 2968 in
2449 2903 2591 2987 qui-

1124 3004 1245 3069 bus
1274 2991 1763 3083 supprimendis,
1782 3015 1855 3058 ac
1884 2988 2379 3077 compescendis,
2397 3007 2596 3055 omne

1128 3084 1413 3156 studium
1459 3101 1857 3167 omnemque
1898 3079 2219 3145 collocare
2255 3076 2597 3163 oportebat

1128 3166 1541 3241 industriam?
1580 3169 1723 3235 Nec
1750 3165 1857 3245 est,
1888 3162 2071 3253 quod
2098 3161 2305 3241 dicas,
2340 3164 2600 3248 linguae

1128 3276 1353 3328 tamen
1416 3256 1651 3321 latinae
1714 3250 2081 3321 adcuratius
2156 3245 2601 3336 perdiscendae

1128 3338 1450 3417 eiusmodi
1484 3340 1777 3409 auctores
1822 3334 2210 3426 quandoque
2264 3334 2599 3411 inseruire,

1180 3456 1246 3499 m
1278 3434 1349 3499 δε
1378 3431 1467 3494 ob
1496 3428 1737 3513 ingenii
1762 3447 2037 3493 acumen
2072 3424 2243 3490 leetu
2272 3420 2449 3509 digni
2460 3417 2599 3487 sint.

1129 3455 1328 3588 {erte
1356 3536 1472 3581 ua
1490 3536 1591 3580 ar
1608 3536 1630 3581 1
1648 3536 1693 3579 Α
1710 3535 1751 3579 ι.
1768 3535 1806 3579 ε
1823 3532 1881 3578 u
1904 3508 2035 3577 hoc
2062 3512 2336 3576 nomine
2380 3504 2601 3573 laudat

1136 3622 1551 3674 iossruvs
1605 3618 2025 3665 sennenn
2054 3640 2075 3677 ,
2131 3617 2170 3662 a
2221 3616 2355 3682 quo
2385 3611 2605 3661 tamen

1185 3712 1305 3758 uae
1354 3683 1540 3755 foede
1586 3686 1653 3753 δι
1682 3683 2006 3767 ‚obscoene
2055 3679 2227 3749 dicta
2270 3680 2417 3747 sunt
2434 3723 2455 3760 ,
2528 3700 2605 3745 ea

1168 3800 1203 3848 e
1258 3775 1768 3863 praetermittere
1792 3815 1813 3852 ,
1882 3763 2217 3856 profitetur
2243 3772 2283 3843 3¹
2324 3766 2435 3833 lib.
2476 3768 2605 3831 Vl.

1124 3878 1297 3953 poet.
1304 3882 1372 3947 p.
1387 3880 1513 3943 519.
1556 3856 1883 3944 Idemque,
1922 3854 2003 3924 de
2028 3876 2185 3921 car
2201 3876 2243 3918 v
2261 3875 2301 3921 ι.
2318 3874 2449 3933 ιο,
2493 3874 2535 3918 1·
2551 3872 2605 3917 1-

1140 3969 1437 4029 nvnno,
1462 3967 1541 4013 ac
1584 3964 2069 4013 exornatio
2106 3942 2298 4007 verba
2326 3938 2603 4018 faciens,

1136 4053 1330 4125 optat
1380 4030 1645 4120 quidem
1670 4080 1691 4113 ‚
1731 4048 1800 4095 vt
1830 4026 2093 4116 pudoris
2133 4029 2454 4093 rationem
2492 4022 2607 4089 ha-

1138 4122 1453 4196 buiffent3
1493 4137 1580 4198 at,
1609 4140 1685 4185 ex
1708 4116 1877 4183 hisce
1889 4133 2111 4181 tamen
2134 4111 2425 4179 fontibus
2451 4109 2608 4176 hau-

1140 4206 1435 4280 riendam
1474 4206 1894 4282 latinitatem,
1926 4197 2219 4285 adeoque
2241 4197 2481 4265 horum
2524 4198 2611 4263 le-

1146 4300 1366 4367 &ione
1380 4342 1401 4375 ,
1412 4315 1577 4380 quos
1600 4292 1783 4357 latini
1806 4290 2109 4356 sermonis
2125 4289 2303 4353 nitor
2318 4282 2611 4363 delediet,

1142 4388 1249 4451 vix
1262 4377 1651 4469 supersedere
1679 4375 1875 4465 posse.
1987 4372 2110 4442 Sed
2132 4372 2471 4453 falluntur,
2503 4374 2613 4457 qui

1148 4475 1241 4539 ita
1267 4469 1589 4540 sentiunt;
1634 4487 1782 4531 cum
1812 4464 1923 4531 alii
1948 4465 2163 4529 minus
2201 4460 2465 4549 impuri,
2491 4461 2614 4523 mi-

1150 4575 1404 4641 nusque
1441 4552 1751 4619 obscoeni
1795 4572 1937 4617 non
1977 4544 2218 4629 desint,
2266 4567 2342 4613 ex
2384 4544 2615 4633 quibus

1150 4642 1437 4711 Romani
1458 4637 1765 4705 sermonis
1800 4638 2009 4705 cultus
2034 4656 2113 4703 ac
2134 4633 2449 4721 nitorpeti
2464 4652 2617 4730 pos-

1152 4728 1253 4801 fit.
1370 4726 1439 4793 Si
1504 4725 1718 4791 animo
1788 4719 2283 4809 circumspicias
2306 4764 2331 4801 ,
2398 4721 2617 4803 inquit

1154 4832 1461 4887 rante.
1526 4832 2037 4891 saccnmvs,
2122 4804 2492 4895 magistros,
2538 4824 2615 4867 ex

1152 4904 1379 4994 quibus·
1412 4900 1607 4967 utine
1646 4898 1947 4983 hstium,
2304 4912 2381 4957 ue
2512 4908 2618 4955 en-

1152 4994 1305 5067 dum
1330 4988 1407 5059 de
1436 4984 1625 5079 reste,
1652 4984 1887 5077 exstare
1910 4983 2127 5067 duces,
2150 4980 2407 5055 minim
2424 4990 2623 5055 virtu·

2663 1091 2718 1153 ti
2741 1088 3109 1167 contrarios,
3135 1088 3486 1173 intelligetis
3497 1112 3520 1167 ‚-
3551 1092 3620 1153 in
3637 1106 3797 1152 orat.
3829 1092 3945 1153 det

2664 1176 2748 1240 da
2787 1176 3088 1240 librorum
3127 1176 3404 1238 moribus
3440 1177 3768 1238 noxiorum
3837 1178 3945 1241 lca

2665 1262 2992 1329 subiuncta
3015 1264 3148 1325 eius
3176 1260 3394 1327 libello
3428 1259 3506 1327 de
3533 1266 3775 1325 ratione
3789 1262 3944 1326 libro

2654 1353 2936 1436 profi’dlu
2966 1347 3216 1433 legendi,
3243 1366 3309 1431 p.
3337 1359 3444 1422 118.
3490 1350 3753 1413 Subiicit
3767 1347 3940 1414 idem

2663 1441 2966 1521 exiguum
3003 1434 3345 1500 auctorum
3395 1456 3773 1514 numerum,
3803 1457 3878 1500 ex
3903 1458 3944 1520 q

2670 1524 2876 1588 sermo
2906 1522 3138 1586 latinus
3169 1520 3369 1586 castus
3396 1519 3890 1608 emendatusque
3921 1522 3945 1586 l

2672 1612 2724 1676 ri
2749 1602 2960 1695 pellit,
2991 1624 3062 1672 vt
3085 1626 3302 1673 tamen
3333 1610 3690 1693 periculum
3719 1631 3945 1676 cortun

2671 1695 2906 1763 dorum
2935 1716 3046 1779 per
3069 1716 3295 1759 eorum
3325 1696 3668 1761 ledtionem
3695 1718 3945 1761 morum

2671 1781 2748 1850 fit
2779 1778 3200 1847 subeundum.
3263 1782 3426 1846 Non
3452 1781 3945 1866 improbandum

2673 1890 2798 1957 que
2831 1889 3060 1933 eorum
3089 1866 3461 1948 confilium,
3495 1872 3608 1954 qui
3637 1892 3711 1935 ex
3742 1871 3944 1936 audio

2673 1956 2998 2025 obscoena
3033 1952 3524 2021 admiscentibus
3553 2003 3570 2036 ,
3616 1978 3690 2022 ea
3717 1974 3945 2021 tantun

2673 2040 2880 2132 genda
2923 2039 3432 2128 publicandaque
3475 2041 3755 2124 suadent,
3782 2065 3944 2128 quae

2675 2146 2940 2197 uentute
2963 2132 3118 2194 citra
3158 2126 3466 2193 damnum
3497 2131 3612 2215 legi
3653 2132 3944 2214 possl'unu

2679 2220 2748 2287 ὅ(
2793 2237 2895 2281 ιο.
2938 2236 3425 2281 scut-:freno
3465 2219 3706 2301 placet,
3763 2217 3840 2283 de
3868 2240 3945 2303 ge

2675 2303 3016 2387 nobilisque
3043 2304 3483 2385 infirmatione
3511 2304 3820 2367 litteraria
3849 2316 3915 2385 ς.

2679 2410 2822 2475 457.
2863 2391 2935 2455 in
2963 2388 3265 2453 methodis
3289 2411 3646 2456 τΗοΜΛε
3675 2412 3928 2457 cnr-:Ni

2685 2483 2856 2557 1696
2887 2474 3090 2541 editis·
3182 2473 3520 2560 Qidquid
3556 2476 3815 2543 tandem
3856 2479 3945 2541 eit*

2678 2564 2934 2629 virtutis
2981 2560 3220 2645 semper
3258 2569 3478 2645 potior
3517 2566 3634 2629 esse
3702 2567 3870 2629 ratio
3931 2588 3945 2625 ι

2679 2670 2882 2737 quam
2908 2647 3236 2713 sermonis.
3366 2651 3507 2715 Nec
3536 2670 3672 2715 tam
3696 2650 3844 2715 felix
3867 2649 3945 2733 sa1

2679 2758 2808 2823 que
2835 2731 3180 2801 censendus
3207 2780 3226 2814 ,
3271 2739 3383 2819 qui
3412 2757 3567 2821 pure
3593 2740 3662 2804 ὅ(
3688 2735 3945 2802 emenda

2677 2825 2931 2911 quitur,
2968 2824 3236 2907 impuris
3263 2844 3415 2887 cum
3441 2819 3515 2887 fit
3550 2826 3875 2902 moribuS,
3921 2846 3945 2887 t

2727 2908 2794 2975 ui
2817 2910 3022 2975 vitam
3052 2928 3391 2994 moresque
3406 2909 3700 2977 emendat
3728 2908 3945 2974 scdulo

2729 3020 2764 3062 e
2787 2997 3041 3082 linguae
3061 3012 3296 3061 ornatu
3325 3018 3462 3062 non
3504 2995 3667 3063 adeo
3709 2996 3782 3063 fit
3815 2995 3945 3061 soll

2684 3085 2907 3167 Qam
2931 3080 3112 3147 facile
3139 3097 3358 3148 autem
3401 3105 3513 3168 per
3555 3084 3945 3150 obscoenort

2685 3173 2954 3237 brorum
2991 3167 3338 3235 lestionem
3369 3172 3680 3236 iuuenum
3704 3173 3944 3248 animi,

2685 3276 2942 3324 veneno
2977 3253 3301 3340 quodam,
3341 3250 3731 3337 inficiantur,
3771 3278 3945 3341 quan

2685 3340 2850 3411 adeo
2879 3363 2951 3406 ea
2983 3338 3282 3407 euitanda
3305 3341 3380 3410 fit
3407 3340 3638 3425 studio,
3676 3344 3926 3430 ipsimet

2687 3432 2968 3497 lexerunt
2996 3473 3016 3508 ,
3063 3428 3134 3494 &
3169 3453 3208 3495 a
3255 3448 3388 3497 erte
3419 3426 3670 3515 professi
3695 3434 3840 3497 sunt
3881 3448 3944 3496 et

2687 3536 3150 3583 »taronem
3219 3538 3337 3583 ane
3381 3521 3602 3601 po'e'tas
3659 3541 3734 3584 ex
3775 3539 3840 3584 re
3895 3539 3938 3600 p

2690 3603 2800 3668 sua
2829 3602 3088 3679 eiecisse,
3107 3621 3218 3668 aut
3247 3599 3293 3668 fi
3321 3607 3549 3684 manha,
3580 3600 3938 3671 honorifice

2693 3686 2846 3767 fisse,
2871 3704 3106 3753 notum
3131 3686 3250 3766 est;
3283 3688 3462 3775 quod
3489 3690 3751 3757 subinde
3781 3692 3936 3756 talia

2689 3792 2826 3856 ant,
2853 3776 3601 3925 quaejcorrumpendisau
3610 3800 3846 3844 uenum
3862 3799 3945 3841 m«

2691 3880 2844 3947 apta
2898 3879 3035 3929 unt.
3122 3861 3416 3951 Legenda
3441 3869 3835 3952 cumprimis,
3853 3886 3942 3951 qu

2693 3954 2770 4015 X.
2799 3949 2874 4011 de
2901 3970 2968 4012 re
3002 3950 3274 4033 publica,
3299 3971 3364 4035 p.
3391 3974 3472 4015 m.
3501 3973 3633 4037 595.
3659 3956 3826 4037 ftqq.
3873 3950 3942 4019 fu

2697 4033 2776 4102 de
2807 4056 2875 4099 re
2905 4032 3197 4121 disputat.
3284 4040 3673 4124 suffragatur
3707 4063 3746 4106 Λ
3771 4063 3810 4104 a
3831 4061 3945 4105 15⁶1

2700 4144 2738 4188 1.
2760 4144 2796 4187 Ε
2815 4144 2842 4185 s
2871 4145 2887 4186 ε
2931 4143 3068 4185 cum
3111 4127 3276 4187 enim
3322 4124 3650 4209 legislator,
3699 4128 3945 4192 verboru

2679 4210 3080 4291 scoenitatena
3095 4256 3116 4289 ,
3150 4231 3222 4273 ex
3237 4214 3494 4274 ciuitate
3509 4257 3532 4290 ‚
3563 4213 3629 4297 fi
3649 4216 3800 4298 quid
3824 4214 3945 4278 alin

2697 4315 2827 4359 cere
2856 4295 3110 4376 debeat,
3155 4307 3348 4365 μάλιςα
3380 4308 3469 4366 μὲν
3505 4295 3561 4359 εἶν
3606 4308 3660 4359 lx
3705 4306 3804 4359 τοῖν
3826 4314 3938 4360 νέειν

2699 4382 2830 4452 μήτε
2891 4396 3108 4451 λέγωσι,
3147 4382 3276 4453 μήτε
3339 4381 3525 4440 &ndum
3569 4391 3712 4452 μηδδν
3748 4398 3945 4444 τοεόντι

2701 4464 2974 4527 maxime
3001 4486 3046 4528 a
3067 4482 3402 4549 puerorum
3428 4465 3687 4528 auribus
3722 4462 3945 4548 oculis-q

2699 4569 2946 4615 mouere
2957 4594 2986 4631 ‚
3025 4572 3104 4615 ne
3186 4549 3300 4613 uid
3333 4550 3460 4613 tale
3501 4551 3610 4615 vel
3645 4552 3945 4635 loquuta

2699 4636 2968 4702 audiant
2985 4656 3014 4715 ,·
3045 4633 3128 4703 ad
3181 4638 3226 4700 't
3255 4638 3622 4721 rationem:
3667 4642 3726 4695 ἃ
3761 4640 3858 4697 τοῦ
3891 4650 3945 4709 ‘ri

2701 4726 2796 4798 (ὃς
2813 4732 2974 4793 λέγειν
3009 4728 3170 4783 inoffi·
3203 4728 3302 4783 viv
3335 4729 3554 4795 ἄισχςόν
3575 4732 3770 4795 yla-ru
3805 4720 3896 4797 *ρι’
3928 4754 3945 4787 a

2699 4820 2974 4883 ‘stt-yve-
2987 4834 3066 4879 ex
3101 4812 3366 4897 turpiter
3391 4814 3557 4879 enim
3587 4814 3870 4899 loquenda·
3897 4814 3945 4881 li

2687 4902 2973 4993 stquieur
2999 4900 3078 4977 Εἴ
3105 4902 3636 4997 turpitersaecerej
3667 4902 3773 4970 tib.
3807 4906 3945 4975 VII.
