5259 5967
798 714 866 784 DE
888 714 1055 787 beorn
1076 716 1451 791 EDEVMATIBVS
1474 721 1848 793 THEOLOGICIS.
2021 736 2082 809 189

563 813 1764 847 mm...-
2006 832 2031 845 ..,
2064 836 2078 849 ,ι

567 877 640 929 tum
653 864 813 931 librorum
826 860 941 931 titulos
951 858 1113 945 indicant,
1128 864 1181 931 alii
1188 884 1304 930 eorum
1347 862 1560 944 recensendis,
1577 886 1675 952 quant
1694 868 1729 933 in
1752 864 1892 933 futilibus
1915 868 2079 934 amatoriis

567 939 660 1016 limul
674 964 862 1039 argumenta
875 969 1035 1033 enarrant,
1047 952 1101 1019 alii
1113 948 1303 1037 insupersua
1346 952 1432 1021 libris
1445 972 1455 1018 r
1466 974 1485 1017 a
1496 974 1524 1017 ir
1534 974 1550 1019 a
1561 974 1580 1019 ι,
1590 974 1600 1019 r
1610 974 1629 1019 c
1639 972 1721 1035 nir,
1743 954 1777 1021 &
1791 954 1940 1033 aliorum,
1948 968 2015 1019 tam
2029 950 2078 1019 di-

570 1054 628 1105 aut
642 1037 780 1105 aliorum
791 1034 912 1105 iudicia
931 1036 1130 1125 adiungunt,
1140 1040 1192 1105 vel
1205 1041 1303 1105 etiam
1345 1040 1444 1127 figens
1460 1038 1573 1121 foillet,
1585 1062 1727 1127 quorum
1735 1035 1902 1107 referendis
1910 1060 2078 1125 argumen-

569 1142 608 1191 ea
632 1124 700 1191 sola
727 1124 913 1211 proferunt,
932 1144 1122 1215 argumenta
1143 1126 1302 1193 librorum
1345 1130 1385 1193 tis
1401 1126 1580 1193 horaseum
1594 1126 1722 1213 perdere
1735 1150 1804 1195 non
1816 1124 1981 1215 puduerite
1995 1124 2078 1212 epist.

568 1215 871 1299 praetermittentes.
935 1213 1300 1299 Praecipuoscatalogo-
1349 1218 1482 1281 66661.
1499 1234 1534 1299 p.
1551 1226 1625 1299 748.
1649 1236 1794 1281 rnocrr
1829 1210 2077 1303 quodammodo

569 1314 643 1363 tum
663 1293 830 1386 scriptores
849 1302 916 1365 iam
943 1296 1087 1367 laudauit
1117 1318 1212 1366 otu.
1237 1315 1300 1366 oc.
1345 1302 2077 1388 couruorsucrerusequutumexemplum,

567 1402 834 1467 mouuortvs,
850 1384 991 1473 polybist.
1018 1388 1151 1454 litterar.
1166 1386 1219 1453 lib.
1235 1390 1261 1451 I.
1275 1404 1301 1453 c.
1343 1409 1515 1471 riconis
1540 1393 1940 1475 irrrorvspronuntiut,
1956 1391 2077 1474 quippe

567 1473 690 1539 XVIII.
697 1492 732 1559 p.
753 1496 819 1539 ιιι.
828 1474 883 1559 [ιη
904 1476 983 1541 .vbi
997 1474 1174 1541 nonnullos
1196 1472 1300 1555 refert,
1343 1478 1399 1563 qui
1412 1479 1447 1540 in
1460 1475 1513 1541 sua
1528 1474 1711 1541 bibliotheca
1722 1468 1965 1562 plerorumque,
1980 1476 2013 1542 &
2027 1478 2077 1540 in·

570 1559 685 1647 quibus
706 1564 742 1627 in
763 1494 964 1647 praecelerat
981 1558 1069 1627 class'e
1091 1564 1201 1627 locum
1221 1558 1300 1628 adsr-
1344 1564 1456 1649 primis
1471 1582 1615 1629 veterum
1636 1562 1810 1645 librorum,
1826 1580 2011 1649 argumenta
2028 1580 2077 1628 re-

570 1650 750 1735 gnauimus.
793 1646 960 1731 Nimirum
969 1646 1091 1715 diuersa
1101 1650 1225 1716 ratione
1232 1646 1300 1733 spe·
1345 1650 1477 1729 censeat,
1490 1653 1521 1717 dc
1536 1672 1605 1716 non
1620 1672 1692 1715 raro
1707 1649 1776 1717 suas
1791 1650 1840 1717 vel
1857 1652 1995 1725 aliorum
2003 1669 2076 1714 cen·

572 1734 671 1803 ssatus
686 1732 769 1803 liber
790 1752 870 1802 mox
886 1734 927 1803 ad
939 1732 1039 1819 hanc,
1059 1756 1137 1802 mox
1149 1732 1190 1801 ad
1204 1736 1300 1800 aliam
1344 1734 1428 1803 suras
1442 1734 1556 1813 addace
1578 1740 1613 1803 in
1618 1736 1878 1821 schediafinatcde
1886 1736 2075 1815 collaribus,

570 1818 706 1901 elallem,
720 1818 826 1889 referri
839 1820 956 1909 potest.
975 1820 1150 1975 luanenda,
1165 1841 1246 1908 quac
1261 1818 1301 1889 de
1343 1826 1398 1911 qui
1411 1822 1653 1909 descriptoribus
1672 1824 1866 1913 ccclcfficflicis
1885 1840 2019 1910 egerunt,
2041 1834 2075 1903 ς.

512 1981 514 1992 ,
568 1906 1040 1997 catalogorumscriptoribusdi
1065 1914 1299 1978 criti-irmir-
1343 1915 1458 1979 XXXI.
1486 1916 1559 1976 .roo‘.
1582 1910 1687 1996 Atque
1702 1910 1808 1979 dehac
1821 1908 1886 1998 ipsa
1903 1930 2031 1977 cisun
2042 1928 2076 1975 nr

512 2003 514 2009 '
569 2002 716 2077 troius,
730 2000 765 2063 in
768 1994 987 2080 schediasmate
1000 1996 1037 2063 de
1049 1996 1239 2076 aridioribus,
1246 1994 1301 2081 qui
1343 1930 1527 2065 bibliotbbca
1543 1998 1728 2079 vniorrfirli,
1750 2002 1892 2084 itemque
1900 1998 2073 2083 pandectis,

568 2080 602 2149 cle
626 2081 830 2169 scriptoribus
856 2082 1052 2171 eccbfiaslicis
1087 2096 1237 2171 egerunt,
1265 2090 1299 2163 ς.
1343 2108 1423 2173 quae
1436 2084 1610 2156 secundum
1627 2084 1826 2152 bibliothecae
1841 2082 1928 2151 istius
1944 2100 2074 2149 tomum

570 2170 715 2239 XXXIV.
731 2172 771 2243 (ι’
784 2172 913 2238 XXXV.
920 2190 953 2257 p.
962 2190 1019 2237 reo.
1019 2171 1105 2257 seqq.
1149 2170 1298 2236 Eiusmo-
1343 2168 1585 2252 constituebant,
1599 2194 1699 2257 porro
1711 2170 1749 2240 de
1763 2175 1814 2253 iis,
1827 2173 1882 2259 qui
1896 2168 2014 2237 hancce
2027 2170 2074 2233 bi-

569 2252 849 2346 &catalogorum
865 2262 921 2345 qui
937 2256 1050 2325 titulos
1065 2252 1297 2323 tantumlibro·
1341 2258 1523 2326 bliotbocam
1538 2278 1715 2327 occurat
1730 2260 1828 2325 autin
1842 2255 2073 2345 compendium

538 2404 541 2409 .
566 2337 800 2426 tumindicant,
815 2348 973 2411 maximus
985 2342 1028 2411 etl
1042 2364 1215 2419 numerus,
1237 2362 1297 2409 nec
1340 2344 1504 2426 miserunt,
1513 2364 1568 2413 aut
1581 2362 1746 2429 auxerunt,
1755 2342 1840 2413 idem
1849 2364 1988 2413 rrrrorvs
1997 2346 2073 2430 agit,

567 2444 675 2499 tamen
687 2449 802 2499 omnes
814 2433 857 2499 ita
875 2434 1063 2519 comparati,
1082 2450 1115 2497 vt
1123 2431 1160 2497 iis
1176 2447 1247 2496 tuto
1258 2426 1295 2495 fi·
1340 2434 1360 2501 1.
1376 2455 1401 2499 c.
1415 2444 1449 2515 5.
1462 2438 1574 2498 XXIX.
1590 2434 1629 2503 (ἔ
1642 2437 1756 2499 XXXI.
1769 2454 1802 2517 p.
1815 2432 1997 2517 roasaqqit.
2014 2436 2073 2497 col.

561 2512 648 2601 dere,
661 2516 913 2587 autmultumex
926 2514 1296 2606 iisproficereliceat.ln·
1329 2522 1415 2606 st’ll·
1459 2517 1660 2587 conferenda
1673 2522 1725 2601 dt,
1746 2538 1827 2605 quae
1841 2518 1978 2584 diximus
1994 2516 2034 2583 ad
2047 2538 2073 2583 c.
2127 2584 2130 2589 ,

565 2622 614 2673 ter
628 2613 695 2687 eor,
708 2608 764 2693 qui
780 2606 949 2673 recentiori
964 2623 1066 2673 aetate
1087 2600 1293 2693 prodierunt,
1335 2606 1544 2695 praecedentis
1558 2615 1585 2689 §.
1602 2609 1701 2671 XXII.
1769 2600 1953 2670 Institutum
1977 2602 2070 2682 istud,
2120 2678 2122 2683 ,

564 2689 601 2763 &
618 2690 803 2781 theologiae
817 2692 994 2760 cultoribus
1010 2694 1180 2778 praecipue
1198 2687 1297 2778 prod·
1339 2696 1440 2761 libros
1450 2696 1495 2760 ita
1508 2688 1698 2773 recensendi,
1706 2709 1861 2757 uteorum
1881 2708 2070 2845 aquinenta

562 2776 628 2849 etse
688 2778 789 2861 flunt,
809 2772 897 2847 haud
910 2776 1064 2845 ultimum
1083 2778 1196 2845 locum
1209 2794 1297 2845 tenet
1341 2779 1561 2863 exhibeantur,
1581 2776 1760 2848 &subinde
1775 2774 1892 2845 indicia
1927 2778 1998 2845 eiis
2015 2774 2071 2841 ad-

563 2882 640 2931 tara
662 2868 722 2953 gis
754 2864 956 2933 bibliothecae
993 2886 1049 2933 ro.
1068 2884 1297 2933 animuu-
1339 2872 1530 2955 iungantur,
1554 2866 1724 2934 recentiori
1746 2884 1848 2933 aetate
1876 2862 2071 2951 frequentari

561 2970 646 3035 tter,
661 2958 804 3041 itemque
821 2972 873 3021 ru
883 2972 1001 3021 omar
1015 2970 1193 3035 terrori,
1211 2970 1296 3019 vter·
1340 2958 1526 3041 cumprimis
1539 2956 1646 3039 coepit
1654 2999 1666 3036 ,
1683 2973 1721 3020 ex
1734 2974 1800 3037 quo
1815 2972 1888 3019 moe
1896 2952 1959 3031 ille,
1974 2946 2071 3036 ephe·

561 3058 626 3195 pue
643 3040 732 3113 libris
776 3036 1021 3109 raestantiiltmis
1044 3036 1230 3120 abundans,
1261 3038 1296 3105 dc
1340 3040 1474 3111 merides
1499 3038 1698 3109 eruditorum
1724 3037 1862 3120 edendi,
1897 3038 2069 3103 Gallorum

574 3148 685 3195 umma
700 3130 736 3196 in
760 3126 856 3195 ustria
867 3128 1043 3195 confectus.
1075 3126 1298 3194 Bibliothecam
1340 3129 1522 3215 exemplum
1538 3129 1605 3195 aliis
1619 3128 1764 3215 gentibus
1780 3128 1927 3193 certatim
1938 3127 2070 3191 imitan-

560 3212 834 3297 nteackmianam,
849 3213 893 3281 ob
908 3209 1136 3282 historicorum
1155 3214 1296 3298 cumpri-
1341 3218 1441 3297 tibus,
1455 3214 1601 3281 inualuit.
1624 3217 1733 3301 Atque
1752 3210 1835 3283 illud
1849 3208 1980 3301 quidem
1994 3212 2069 3279 scri-

558 3302 619 3369 mis
634 3296 831 3389 scriptorum
846 3302 993 3390 copiam,
1008 3300 1101 3386 supra
1116 3301 1182 3366 iam
1205 3319 1296 3366 corn-
1340 3303 1634 3391 ptorumgenusvel
1646 3306 1785 3371 maxime
1797 3298 2070 3381 adlibrorum,re¹

559 3386 801 3457 mendauimus.
865 3389 886 3477 s
910 3386 1018 3457 estant
1031 3407 1107 3455 vero
1123 3382 1296 3454 hucetiam
1338 3392 1522 3459 centiorum
1545 3391 1748 3475 cumprimis,
1769 3390 1921 3457 notitiam
1935 3406 2069 3541 compa·

558 3476 686 3563 reliqui,
701 3478 759 3564 qui
776 3474 877 3543 biblio
914 3494 983 3543 eras
993 3472 1296 3541 illustrioresdescri·
1338 3472 1483 3555 randam,
1499 3496 1651 3563 perquam
1663 3476 1759 3559 vtile,
1775 3478 1971 3560 minimeque
1986 3496 2003 3539 a
2029 3496 2068 3542 eo

557 3560 706 3653 plerunt;
727 3558 1050 3649 dequibusdeinceps
1067 3558 1196 3628 seorsim
1206 3558 1294 3627 dice·
1337 3562 1391 3631 hic
1414 3560 1728 3649 praetermittendum
1749 3560 1804 3629 est.
1848 3561 2026 3629 Historiam
2039 3582 2070 3627 e-

557 3671 639 3717 mus.
662 3652 718 3732 lis,
734 3654 941 3737 quiexcerpta
955 3645 1294 3733 simullibrorumsup-
1338 3648 1469 3739 quidem
1490 3646 1650 3717 eiusmodi
1669 3645 1910 3737 ephemeridum
1934 3651 2067 3713 concin-

555 3734 725 3827 peditant,
746 3734 1294 3825 exemplum'praeiuitrnorrvs,
1338 3760 1414 3805 nare
1436 3735 1591 3825 adgressus
1610 3734 1654 3805 est
1675 3754 1957 3805 cuctsrrauvs
1980 3754 2067 3799 rvu-

556 3820 1294 3913 patriarchaConstantinopolitanuslongeno·
1340 3844 1508 3907 citerus,
1521 3828 1555 3891 in
1557 3824 1780 3907 schediasmate
1788 3820 1928 3911 historico
1937 3819 2067 3906 derphe-

558 3905 712 3990 citimus,
726 3912 815 3977 euius
827 3922 995 3985 μνμόβιβιον.
1008 3910 1221 3995 myriobiblon,
1228 3908 1294 3993 stuc
1335 3914 1502 3977 meridibrcs
1513 3934 1551 3977 ac
1563 3913 1674 3979 diariis
1694 3912 1898 3991 cruditorum,
1924 3910 1957 3975 irc
1978 3908 2067 3973 nobi·

555 3994 746 4065 bibliotheca
755 3996 916 4079 librom,
931 4016 1008 4083 quos
1021 3997 1103 4147 bqr't,
1118 3998 1157 4069 ὅ
1169 3998 1291 4079 conficit,
1334 4000 1464 4073 lioribrrs
1477 4004 1617 4083 Europae
1618 4001 1763 4086 portibus
1777 3998 1924 4065 balianus
1927 3994 2068 4083 publica-

556 4100 633 4155 tum
642 4082 1038 4173 alias,tum&graece&
1061 4088 1147 4151 atine
1165 4083 1291 4149 Rotho-
1334 4088 1393 4168 tis,
1416 4085 1635 4173 quodLipfiae
1655 4094 1735 4169 1⁶92
1754 4082 1883 4171 prodiit.
1935 4079 1995 4149 Sed
2010 4084 2066 4169 qui

556 4171 649 4261 magi
675 4172 761 4253 1653
773 4170 827 4239 fol.
847 4166 978 4257 prodiit.
1043 4174 1211 4239 Nimirum
1222 4192 1293 4237 non
1336 4176 1535 4259 cogitauerit,
1551 4192 1689 4259 quantus
1703 4192 1740 4238 ex
1748 4194 1787 4238 eo
1802 4189 1948 4257 tempore
1956 4167 1995 4236 ad
2005 4190 2066 4236 no·

556 4276 689 4327 tantum
709 4279 728 4323 a
787 4276 894 4327 menta
916 4257 1091 4340 librorum,
1109 4278 1195 4411 quos
1205 4259 1293 4345 legit,
1336 4256 1430 4327 ilram
1446 4276 1585 4327 aetatem
1600 4280 1699 4347 usque
1714 4278 1876 4325 nouarum
1889 4256 2064 4348 ephemeri·

559 4344 727 4427 indicans
767 4340 1012 4415 suometiamde
1020 4350 1058 4413 iis
1072 4348 1107 4411 iu
1134 4342 1292 4412 'ciumad
1336 4344 1415 4415 dum
1426 4343 1904 4426 numerusinlucememersetit,
1917 4344 2063 4413 facilein-

555 4432 691 4521 spergite
705 4431 874 4521 effecitque
891 4432 952 4501 hac
965 4434 1111 4513 ratione,
1123 4452 1158 4499 vt
1172 4432 1291 4499 multo·
1335 4436 1470 4523 telliget,
1497 4436 1620 4522 magnis
1642 4428 1868 4501 accell'ronibus
1889 4428 2011 4501 huncce
2025 4432 2064 4498 li·

552 4541 631 4589 rum
645 4518 805 4589 librorum
820 4538 965 4588 veterum
980 4516 1288 4607 notitiaadnosper-
1335 4523 1453 4590 bellum
1467 4521 1655 4609 locupletari
1665 4522 1766 4609 polle.
1812 4516 1949 4589 Difficile
1965 4522 2062 4588 etiam

551 4610 690 4677 ueniret.
733 4628 943 4693 scurrone
978 4626 1085 4675 tamen
1121 4625 1231 4699 optat,
1254 4625 1290 4675 vt
1332 4610 2063 4699 forteficerit,omnesenumetareepraecipuae

550 4694 871 4795 tuorttsioaliis
886 4692 1288 4784 qubusdamscriptonbus
1332 4698 1721 4857 tamenArecenlettura
1755 4720 1870 4767 tvnc.
1907 4712 2059 4765 oorrrr.

754 4795 773 4813 ‘⁹
1479 4804 1531 4872 a3
1946 4798 2062 4850 etnv-
