5259 5967
732 712 798 781 DE
820 711 1135 781 THEOLOGIA
1158 714 1399 783 rHrrrca
1430 716 1522 784 SEV
1548 718 1891 788 DOGMATICA.
2003 732 2063 801 381

549 821 2027 848 ---——------—·--------------------—-

550 859 689 929 censuris
708 877 748 922 eo
763 855 879 921 redlius
896 856 1030 919 obuiam
1044 872 1151 929 cature
1174 853 1280 923 discti-
1324 878 1374 937 xa,
1389 872 1627 943 proponantur,
1653 858 1863 941 explicentur,
1891 854 2064 923 defendati-

553 968 658 1026 men,
697 939 788 1027 quod
799 944 883 1005 inter
895 940 1093 1027 theologiam
1107 938 1278 1028 systemati·
1325 963 1387 1011 tut.
1434 942 1524 1027 Qiin
1549 946 1668 1029 potius,
1687 963 1722 1008 ut
1751 941 1899 1010 docitina
1921 944 2061 1013 caelestis

553 1055 637 1111 tam,
651 1031 686 1099 dc
701 1026 979 1095 scholasticamnal’
991 1037 1080 1099 ὒξοκῆν
1092 1026 1134 1095 sic
1151 1025 1283 1111 dinam,
1327 1052 1366 1100 eo
1381 1031 1574 1098 luculentius
1594 1027 1832 1115 distineliusque
1852 1031 2059 1116 percipiatur,

553 1112 1089 1201 intercedit,ptobeobseruandum.
1112 1113 1281 1198 Etstenim,
1326 1136 1422 1205 atque
1440 1118 1604 1196 omnibus,
1625 1119 1740 1203 quibus
1763 1116 1921 1183 obscurari
1940 1115 2059 1204 potest,

557 1228 633 1275 cum
659 1198 844 1271 scholaslica
865 1200 1046 1289 theologia,
1084 1200 1281 1287 systematica
1326 1227 1367 1272 eo
1379 1207 1496 1270 maiori
1509 1199 1649 1271 efficacia
1668 1206 1799 1270 obuiam
1817 1220 1916 1284 eatur,
1943 1207 2059 1271 errori·

553 1292 684 1383 proprie
699 1286 740 1357 sc
754 1287 839 1356 dina
857 1308 968 1356 exorta
988 1286 1035 1369 stt,
1052 1292 1099 1355 vti
1114 1289 1205 1375 supra
1222 1288 1279 1357 do·
1326 1294 1394 1373 bus,
1410 1293 1524 1357 vetitas
1541 1307 1652 1356 contra
1668 1313 1708 1358 eo
1729 1290 1852 1358 facilius
1877 1292 1911 1358 dc
1938 1288 2059 1358 conlit-

554 1382 699 1457 cuimuse
721 1398 792 1444 non
802 1376 927 1462 prorsus
937 1393 1047 1442 tamen
1067 1378 1149 1444 iuter
1164 1378 1280 1444 seeon-
1324 1396 1439 1457 mettu,
1458 1379 1491 1443 dc
1511 1380 1698 1461 retineatur,
1723 1380 1756 1445 &
1775 1395 1987 1465 propageture
2008 1378 2057 1465 sy-

556 1468 705 1545 ueniunt,
739 1484 798 1530 nec
832 1481 899 1529 vno
917 1459 1097 1549 eodemque
1115 1462 1280 1531 habendae
1326 1463 1573 1533 stematicahaec
1589 1463 1744 1531 tradiaudi
1758 1469 1842 1531 tatio
1855 1464 1977 1531 confert
1985 1466 2058 1551 plu·

556 1553 729 1635 suntloco.
792 1549 927 1635 Vtrique
947 1550 1013 1617 hoc
1031 1571 1205 1617 commune
1225 1550 1279 1631 ell,
1325 1556 1453 1618 timum.
1498 1552 1572 1618 Nec
1585 1550 1702 1632 obstat,
1723 1551 1811 1637 quod
1832 1554 1962 1618 termini
1985 1552 2057 1637 quis

558 1638 646 1729 quod
660 1635 736 1705 fidei
748 1631 791 1702 do
848 1655 912 1717 ata,
930 1638 989 1705 rite
1010 1638 1091 1703 inter
1110 1639 1139 1703 se
1161 1659 1280 1706 conne-
1326 1639 1413 1719 datu,
1427 1655 1482 1703 aut
1496 1640 1531 1703 in
1547 1635 1673 1703 ecclesia
1694 1642 1821 1724 recepti,
1845 1657 1899 1704 aut
1926 1658 1964 1705 ex
1983 1637 2057 1723 phi·

557 1749 606 1809 ra,
626 1740 717 1793 cetto
740 1744 778 1789 or
794 1726 855 1819 'ine
870 1744 906 1789 ac
926 1721 1085 1789 methodo
1108 1722 1222 1805 tradat,
1244 1746 1281 1792 ea
1325 1725 1539 1810 losophorum
1559 1722 1673 1791 scholis
1694 1727 1797 1811 petiti,
1817 1723 1979 1791 interdum
1999 1720 2056 1791 ad-

616 1814 703 1893 licer,
719 1816 1021 1890 conhrmet,contra
1032 1810 1282 1877 dissentientium
1325 1812 1508 1880 hibeautur.
1576 1809 1612 1887 ld
1627 1814 1727 1891 enim,
1749 1811 1771 1878 si
1792 1829 1884 1879 caute
1898 1834 1935 1877 ac
1954 1810 2057 1876 sobrie

559 1904 567 1917 ‘
606 1900 691 1967 ultus
706 1894 852 1964 defendat
859 1920 872 1976 ,-
894 1894 1069 1962 scholalliti
1082 1917 1190 1964 autem
1198 1902 1283 1966 iutra
1330 1896 1397 1980 fiat,
1414 1901 1496 1964 vitio
1509 1915 1612 1973 caret3
1635 1898 1669 1965 δε
1689 1920 1728 1964 eo
1742 1900 1847 1965 solum
1866 1897 1996 1985 speetu,
2018 1914 2056 1962 vt

557 1986 652 2055 hosce
668 1986 860 2069 neutiquam
880 1981 1042 2049 substitere
1063 1986 1190 2065 limites,
1230 1981 1284 2051 sed
1327 1984 1392 2053 fine
1412 1986 1612 2064 ambitibus,
1648 2005 1751 2071 eoque
1771 1988 1885 2053 elatius
1913 2002 2080 2052 mentem·

557 2078 719 2143 tationem
731 2092 807 2137 cum
820 2068 1029 2151 reuelatioue,
1043 2068 1284 2158 philosophiam
1328 2071 1481 2151 nostram,
1501 2034 1540 2136 de
1554 2068 1769 2157 dogmatibus,
1789 2072 1991 2159 exscriptum
2008 2071 2056 2137 sa·

557 2182 631 2231 etun
646 2156 810 2244 theologia
831 2153 1112 2237 commiscuerunt,
1137 2158 1283 2245 negledio
1329 2181 1379 2226 cra
1393 2157 1522 2229 haustis,
1541 2161 1694 2243 explicate
1714 2181 1879 2244 queamus.

557 2248 699 2337 genuino
714 2240 895 2331 theologiae
910 2242 1010 2324 sonte,
1024 2243 1176 2331 scriptura
1188 2244 1283 2326 satcta,
1415 2240 1652 2332 Systematicam
1666 2250 1771 2332 itaque
1788 2246 2057 2333 tlteologiumtra·

558 2356 657 2421 quam
671 2353 713 2398 ne
724 2332 949 2398 intellexerunt
964 2328 1107 2417 quidem,
1121 2330 1162 2399 ad
1189 2330 1284 2397 tradi·
1330 2328 1437 2400 &audi
1454 2334 1613 2397 rationem
1626 2335 1672 2398 vti
1687 2332 1750 2398 hoc
1765 2334 1860 2419 pasto
1876 2336 1991 2398 metito
2008 2354 2056 2398 re·

559 2426 683 2500 tiones,
707 2416 792 2485 diela
817 2437 958 2504 patrum,
984 2420 1164 2498 ratiocinia,
1185 2418 1285 2485 maxi·
1329 2422 1422 2485 tineri
1437 2418 1619 2494 censemus3
1643 2422 1686 2485 ita
1701 2416 1961 2485 scholasticorum
1975 2439 2055 2482 con-

559 2530 647 2576 mam
660 2522 784 2593 partem
798 2508 917 2589 inepta,
932 2502 1077 2570 deuoluti
1097 2504 1177 2584 suut,
1190 2525 1285 2590 quae·
1328 2524 1377 2571 tra
1400 2507 1547 2589 ineptias,
1569 2508 1602 2572 ὅ(
1625 2509 1734 2573 inanes
1753 2506 1949 2585 subtilitates,
1969 2521 2054 2569 cete·

558 2593 714 2663 stionibus
728 2590 862 2667 friuolis,
903 2589 1049 2675 spinosi,
1086 2591 1225 2670 ludicris,
1244 2587 1285 2656 ad
1329 2612 1426 2677 taque
1438 2594 1527 2672 vitia,
1549 2594 1658 2676 procul
1671 2590 1770 2658 abesse
1789 2591 1950 2658 volumus.
1994 2591 2056 2657 Ea·

556 2682 679 2771 ingenii
694 2679 802 2763 potius
816 2675 1074 2756 ollentationeiu,
1098 2699 1195 2762 quam
1211 2673 1285 2743 fidei
1329 2679 1444 2764 quein
1465 2701 1496 2745 te
1516 2682 1600 2743 viros
1625 2676 1738 2744 dusios
1759 2702 1796 2745 ac
1816 2676 1964 2745 cordatos
1991 2676 2056 2743 sere

559 2771 594 2837 δι
613 2768 701 2833 vitae
714 2760 968 2843 inslrudiionem,
994 2764 1202 2843 facientibus,
1223 2784 1280 2829 vo·
1327 2769 1517 2833 innumeros
1548 2764 1712 2838 nobiscum
1742 2764 1976 2832 consentientes
1998 2762 2056 2827 ha·

557 2854 648 2921 cibus
675 2851 803 2935 insuper
830 2851 1038 2936 terminisque
1072 2851 1210 2915 barbaris
1247 2870 1284 2914 ac
1328 2855 1449 2916 bemus.
1495 2854 1600 2917 lmmo
1616 2873 1705 2917 exeo
1722 2872 1880 2938 tempore,
1896 2874 1961 2935 quo
1976 2847 2057 2915 haec

559 2940 724 3016 obscuris,
769 2938 1013 3021 compleueruut
1036 2938 1156 3002 omnia.
1224 2936 1283 3002 At·
1330 2935 1493 3023 theologia
1516 2957 1608 3003 enata
1629 2935 1689 3019 est,
1727 2940 1848 3025 semper
1867 2939 2056 3003 exstiterunt

579 3047 619 3093 ue
630 3020 939 3091 abhiscevitiiscum
949 3044 1007 3109 per
1020 3022 1164 3091 ecclesiae
1177 3044 1284 3089 emen·
1329 3026 1467 3093 veritatis
1484 3020 1583 3107 telles,
1604 3025 1659 3110 qui
1673 3026 1782 3092 acerbe
1802 3026 1840 3093 de
1856 3047 1891 3090 ea
1912 3043 2055 3107 coitque-

557 3050 735 3191 lationem,
752 3108 831 3175 duce
847 3110 881 3176 dc
901 3108 1109 3196 antesignano
1131 3132 1160 3176 a.
1177 3130 1285 3175 marr.
1329 3126 1482 3178 terentur.
1527 3112 1578 3176 Sic
1590 3108 1656 3196 ipse
1671 3114 1736 3176 iam
1755 3132 1859 3179 ausa
1870 3131 1984 3189 Latus,
1999 3110 2056 3193 qui

556 3217 753 3270 uetusto
769 3195 954 3281 susceptam,
964 3197 1126 3283 theologia
1139 3196 1287 3284 systema·
1329 3199 1426 3265 initio
1441 3197 1554 3265 saeculi
1567 3194 1728 3265 vndecimi
1750 3200 1841 3279 vixit,
1867 3218 1942 3264 cum
1962 3197 2057 3262 semi·

556 3290 621 3354 rica
642 3307 676 3350 re
701 3300 811 3369 urgata
832 3281 886 3359 site
909 3281 1064 3363 nonest,
1100 3282 1189 3369 quod
1209 3283 1286 3349 haec
1331 3307 1372 3353 ua
1392 3301 1518 3350 tantum
1539 3282 1725 3370 sophisticae
1749 3283 1844 3354 huius
1873 3283 2055 3369 theologiae

556 3306 1104 3441 seholailicaenominetraducatur.
1148 3370 1287 3435 Fuerunt
1330 3368 1468 3451 videret,
1505 3373 1539 3438 dc
1565 3394 1647 3457 quae
1668 3370 1745 3437 inde
1771 3392 1925 3440 euentura
1945 3370 2056 3443 essent,

555 3457 717 3547 equidem,
733 3452 822 3542 quod
837 3475 908 3521 non
923 3452 1108 3537 diffitemur,
1124 3452 1174 3521 sed
1193 3474 1286 3522 antea
1330 3475 1437 3525 mente
1451 3458 1843 3543 prospicerettdialeiiici,
1858 3460 1975 3544 inquit,
1991 3476 2057 3520 ma-

552 3544 681 3635 ipsrmet
707 3541 886 3622 docuimus,
919 3558 988 3607 tum
1012 3545 1095 3607 inter
1117 3540 1285 3623 nostrates,
1329 3546 1417 3608 demi
1431 3542 1512 3608 nihil
1528 3544 1588 3628 tffi‘,
1602 3545 1738 3619 credunt,
1764 3548 1823 3631 nist
1840 3548 1923 3629 quod
1944 3546 2056 3629 imagi-

554 3652 628 3701 tum
646 3635 731 3699 inter
751 3628 938 3696 reformatae
960 3627 1103 3695 ecclesiae
1124 3627 1285 3710 doctores,
1329 3631 1510 3695 nationibus
1533 3630 1781 3715 comprehendere
1798 3633 1934 3717 possunt,
1956 3632 1993 3692 de
2006 3634 2056 3692 iu..

554 3723 614 3807 qui
625 3718 712 3784 velut
727 3713 928 3802 postliminio
940 3712 1198 3782 scholasticorum
1214 3718 1286 3780 bat·
1330 3733 1449 3780 caman
1465 3716 1565 3795 nerlii,
1580 3738 1605 3782 t.
1621 3720 1679 3781 111.
1744 3718 1784 3783 Et
1803 3736 2056 3794 enarratius,

556 3808 678 3875 bariem
700 3805 734 3871 ὅ(
753 3804 889 3885 ineptias
910 3821 1061 3868 reuocare
1083 3804 1117 3869 dc
1136 3800 1286 3868 inu'eltere
1329 3805 1406 3869 iuris
1420 3804 1567 3869 canonici
1589 3802 1791 3889 compilator,
1814 3804 1854 3870 ad
1876 3824 1930 3869 eos
1953 3800 2056 3887 adpli-

556 3894 668 3959 conati
683 3889 772 3963 sunt,
796 3886 859 3966 sed,
874 3890 920 3954 vti
942 3908 1013 3953 non
1032 3891 1183 3954 omnibus
1204 3884 1286 3954 istud
1330 3908 1382 3955 cat
1399 3884 1480 3954 illud
1495 3910 1653 3957 ustrou
1669 3912 1758 3958 rur:
1804 3892 1875 3959 vino
1896 3890 2056 3953 inebrians

553 3980 677 4068 placuit
704 3974 907 4051 institutum
951 3977 997 4040 ita
1022 3997 1091 4040 non
1105 3974 1285 4055 defuerunt,
1328 3992 1391 4056 mr,
1408 3976 1530 4060 quamdo
1537 3976 1823 4064 fitcrasſsripmras
1841 3977 1922 4043 male
1941 3975 2056 4039 intelli-

579 4068 614 4133 ui
632 4060 713 4131 illud
738 4064 846 4148 palum
868 4064 1113 4148 improbareut3
1147 4060 1285 4147 indeque
1323 4080 1405 4150 gunt
1417 4080 1708 4147 atqutperuermnt,
1717 4064 1963 4149 ficera,quando
1979 4064 2058 4127 aliu·

553 4089 689 4231 sadum,
714 4168 749 4215 vt
773 4147 881 4215 nostra
900 4167 1004 4216 aetate
1024 4147 1188 4235 theologia
1210 4146 1284 4214 hinc
1328 4160 1438 4214 rantur
1450 4150 1607 4233 saeculari
1617 4152 1793 4236 fhpientia,
1830 4154 1869 4223 εἴ
1882 4150 2057 4221 dialeliice·

552 4236 631 4311 inde
656 4237 823 4305 meliorem
856 4239 972 4301 iterum
1004 4235 1120 4302 liciem
1152 4232 1285 4301 induere
1328 4237 1595 4318 raimundensis,
1617 4237 1787 4321 can.vino,
1808 4238 1874 4326 dist.
1896 4238 2056 4303 XXXVII.

553 4326 708 4413 coeperit.
763 4320 1002 4409 Sysiematicam
1030 4325 1138 4409 itaque
1157 4320 1284 4410 theolo·
1327 4324 1460 4389 Saeculo
1478 4320 1673 4391 duodecimo
1687 4346 1835 4393 straus
1851 4342 1977 4404 cantor,
1999 4323 2058 4390 Pa-

554 4416 661 4503 giam,
676 4434 695 4477 a
711 4407 967 4475 scholasticorum
981 4410 1158 4495 quisquiliis
1174 4428 1282 4495 tepur·
1327 4406 1457 4475 tihenfis
1474 4412 1563 4491 vixit,
1579 4406 1761 4499 scripsitque
1773 4414 1922 4481 interalia
1938 4411 2058 4478 librum

553 4495 1282 4589 gatam‚nentoiurcimprobauetitNeceuim,
1327 4496 1656 4577 devastabit-titiam,
1679 4502 1787 4586 inquo
1800 4502 1952 4568 acriterin
1961 4498 2058 4564 scho-

554 4584 635 4673 quid
666 4588 702 4651 in
725 4579 1071 4671 comprehendendum
1090 4581 1137 4661 sit,
1176 4580 1284 4662 video,
1328 4578 1893 4673 laliicoiuminuehiturcotruptelas.
1938 4586 2059 4674 Legeit-

552 4670 646 4763 quod
659 4664 812 4759 duginna
824 4668 910 4759 fidei,
927 4689 1002 4757 apte
1016 4672 1101 4741 inter
1113 4670 1144 4740 se
1165 4690 1285 4740 conne-
1329 4668 1386 4753 da,
1399 4688 1480 4827 Ἦ
1486 4687 1530 4825 px
1546 4690 1586 4739 eo
1595 4670 1698 4759 refert,
1705 4696 1828 4765 quaeue
1836 4672 2063 4746 addituarru.

1531 4775 1550 4840 3
1589 4766 1617 4793 ³
1948 4778 2060 4832 renci-
