5259 5967
516 868 582 943 478
758 846 900 923 LIBRI
929 842 1280 925 tostettouis
1307 839 1480 917 CAPVT
1513 838 1756 915 TERTIVM

762 1012 1039 1139 Lissui
1088 928 2046 1129 institionis*

1003 1182 1553 1269 CAPVTTERTIVM

777 1302 1785 1517 THEOLOGIADs'ATRISTICA.

1191 1576 1333 1671 Zduodctc.

608 1704 643 1773 id
655 1721 714 1792 pet
733 1702 918 1793 theologiam
934 1705 1129 1795 patnqliccm
1148 1704 1263 1772 intelli·
1307 1702 1400 1789 origo
1414 1704 1454 1774 ὅ
1459 1706 1540 1786 fata
1553 1698 1617 1764 eius
1632 1718 1729 1785 utque
1737 1696 1783 1763 ad
1796 1692 1932 1785 ecclefiae
1943 1716 2045 1765 enttn.

472 1853 475 1863 .
528 1724 615 1889 Q
651 1792 766 1859 annus?
814 1798 874 1863 .l.
1351 1791 1525 1867 clationem
1548 1790 1687 1867 §.t'ttl

527 1882 662 1947 Puteum
674 1880 797 1944 nomine
809 1882 939 1965 quinam
947 1877 1107 1946 venunt?
1125 1890 1160 1961 ς.
1174 1882 1218 1946 ll.
1304 1876 1375 1966 Post
1396 1896 1485 1954 eans,·
1517 1882 1546 1956 §.
1568 1876 1623 1939 tt.

527 1967 673 2033 &udicio
682 1983 830 2051 patrumq
855 1976 890 2045 ς.
905 1968 965 2032 ill.
1305 1964 1428 2047 Scripta
1437 1980 1568 2047 patrum
1583 1959 1722 2045 genuina
1742 1979 1765 2024 a
1771 1956 1902 2043 spuriis,
1924 1956 2047 2044 integra

528 2052 672 2121 Eleatae
683 2072 873 2139 graecaeque
891 2050 1013 2139 linguae
1034 2072 1188 2137 quousque
1214 2050 1264 2115 in-
1350 2073 1372 2115 a
1390 2050 1539 2134 corruptis
1545 2046 1649 2131 sedulo
1656 2048 1733 2129 ssent
1746 2046 1964 2129 discernenda
1981 2046 2046 2109 edi·

565 2136 811 2228 stettllisuenint
821 2138 957 2224 penitia3
984 2138 1110 2202 criticae
1124 2140 1204 2203 artis
1219 2138 1265 2201 tc-
1352 2136 1449 2201 tiones
1473 2155 1593 2209 eorunm
1617 2142 1648 2215 §.
1665 2136 1707 2203 X.
1856 2180 1862 2199 .

576 2226 937 2311 horumignosantiq
958 2224 1132 2311 eloquentia
1145 2222 1266 2311 qualis?
1309 2223 1382 2291 Sine
1408 2223 1530 2308 linguae
1548 2239 1680 2305 graecae
1694 2218 1732 2289 θ’
1759 2215 1890 2297 latinae,
1913 2216 2048 2303 iteratque

605 2315 686 2377 JV.
1355 2310 1436 2375 actis
1449 2308 1573 2373 criticae
1580 2308 1707 2391 peritia,
1722 2324 1808 2367 nenno
1823 2304 1857 2368 in
1873 2304 2048 2371 sellioneac

532 2396 731 2483 Philosophia
753 2413 902 2482 patrum
928 2396 1060 2465 celeliici
1070 2398 1176 2483 potius
1191 2396 1269 2481 sue·
1354 2394 1606 2480 interpretatione
1614 2408 1744 2477 patrum
1757 2392 1838 2458 celle
1853 2390 2046 2475 versabitunp

579 2501 665 2565 runt,
678 2504 774 2569 quant
792 2484 946 2551 Platonici
950 2508 963 2563 ‚·
986 2492 1018 2567 §.
1033 2487 1070 2549 V.
1355 2494 1388 2565 ς.
1403 2487 1459 2549 tlt.

535 2574 649 2659 Logica
662 2570 852 2651 eorumdem
872 2572 907 2635 in
921 2572 1048 2657 reliquis
1064 2566 1269 2653 philtfinphine
1311 2574 1361 2635 De
1373 2569 1485 2652 filellu
1513 2567 1553 2637 (θ’
1571 2565 1677 2629 ordine
1705 2563 1739 2627 in
1768 2561 1901 2649 legendis
1917 2579 2051 2649 patrum

577 2656 725 2744 partibus
736 2656 940 2742 equitabilis
953 2654 1213 2742 exspoliandum?
1232 2665 1267 2737 ς.
1344 2656 1471 2739 scriptis
1486 2652 1562 2737 quid
1582 2649 1830 2735 obseruandum?
1851 2658 1882 2733 §.
1904 2652 1983 2717 llll.

588 2748 645 2809 Vt.
1310 2744 1490 2809 Auliocitas
1498 2736 1787 2823 potuumquanta?
1810 2740 1938 2820 §.Xlll

538 2830 625 2919 Quid
630 2830 805 2915 generatim
823 2830 862 2895 de
873 2826 1024 2917 theologia
1036 2826 1199 2916 patcistica
1216 2824 1270 2893 th·
1311 2829 1430 2911 Abusus
1440 2825 1608 2911 theologiae
1616 2822 1806 2910 patristieat,
1823 2826 1958 2909 itemque
1976 2821 2051 2909 vsat

574 2916 792 3001 struentem?
818 2926 853 2997 ς.
869 2919 940 2983 Vll.
1355 2914 1519 3001 oguinus,
1534 2914 1568 2977 in
1583 2930 1641 2996 quo
1656 2909 1809 3000 confistat3
1841 2919 1873 2995 ς.
1893 2912 1986 2978 XIV.

1247 3038 1281 3139 r.
1322 3041 1349 3118 1.

608 3170 658 3247 Er
670 3166 878 3267 theologiam
887 3166 1105 3270 potrr'sticom
1121 3168 1360 3270 intelligimus
1383 3168 1620 3271 complexum
1634 3166 1848 3270 dogmatum
1863 3165 2053 3249 sacrorum

640 3293 688 3347 ex
702 3289 828 3342 mente
841 3268 1096 3369 sententiaque
1108 3266 1374 3366 patrum,·inde
1388 3288 1428 3342 vt
1452 3265 1706 3378 cognoscetur,
1756 3292 1806 3343 uo
1827 3265 1936 3369 pallo
1956 3268 2052 3345 veri-

545 3391 602 3450 trs
631 3366 821 3467 religionis
849 3367 1062 3443 cluistianae
1091 3364 1308 3443 conseruata
1328 3362 1471 3469 semper
1499 3366 1602 3443 sitin
1623 3292 1786 3465 ecclesa,
1810 3391 1852 3441 ac
1869 3390 2053 3470 propagu-

541 3489 586 3549 tt.
634 3476 652 3512 ⁴

656 3582 675 3622 *
696 3577 784 3643 Cum
798 3592 926 3662 patrum
944 3574 1039 3644 lellio
1061 3576 1155 3641 multi
1180 3575 1277 3641 licem
1320 3590 1423 3663 gatus,
1439 3596 1506 3660 quo
1523 3576 1620 3662 palio
1633 3574 1819 3646 christianae
1835 3582 2054 3667 euangelicae·

545 3665 640 3735 usum
667 3660 801 3743 habeat,
838 3659 981 3729 vtdeinc
1023 3596 1277 3736 sostendemum
1320 3683 1382 3749 que
1405 3664 1569 3749 religionis
1590 3668 1704 3729 veritus
1725 3664 1846 3751 semper
1866 3670 1902 3734 in
1925 3666 2053 3737 ecelesia

548 3749 874 3823 luctamenissolum
889 3752 967 3817 inec
1007 3752 1278 3835 umvenir‚quetn
1321 3768 1496 3836 propagata
1517 3748 1615 3829 sinac
1641 3749 1838 3821 conseruata.
1892 3756 1997 3837 Quod
2017 3774 2053 3822 vt

549 3842 587 3907 in
602 3836 805 3925 dogmatibus
819 3832 894 3903 fidei
930 3837 1046 3903 raebet.
1097 3838 1136 3901 In
1155 3857 1194 3902 eo
1218 3838 1277 3900 ita-
1322 3832 1362 3902 ad
1380 3839 1520 3901 veritatis
1543 3831 1841 3921 confirmatiorem,
1866 3840 1999 3909 subinde
2019 3844 2054 3913 dt

571 3946 699 3993 uecum
715 3920 879 4009 theologia
900 3858 1082 4010 dogmatica
1103 3925 1221 4007 pariter
1240 3941 1278 3986 ac
1323 3919 1587 4001 illustrationem,
1608 3923 1785 4008 plurimum
1805 3926 1888 4005 facit,
1911 3930 2053 4015 utileque

547 3946 738 4100 symbolica,
755 4006 913 4097 patristica
925 4010 1089 4089 conuenit,
1105 4006 1280 4093 quodcont·
1323 4010 1438 4094 pariter
1469 4030 1506 4074 ac
1518 4008 1694 4075 iucundum
1709 4008 1769 4086 οὓς
1815 4016 1858 4078 ita
1877 4016 1911 4080 δε
1947 4014 2053 4084 neces·

545 4100 656 4187 plexus
668 4094 910 4178 srtficcrorutndo
930 4112 1059 4159 matum.
1103 4094 1217 4161 Differr
1224 4116 1280 4159 au·
1324 4095 1456 4176 sarium,
1473 4115 1506 4159 vt
1520 4092 1758 4161 romanensibus
1773 4121 1813 4164 eo
1829 4102 1946 4167 scotus
1960 4104 2054 4169 obui-

549 4205 617 4253 tern
631 4186 670 4250 ab
685 4200 828 4269 utraque,
838 4116 970 4269 quodin
981 4202 1014 4248 ea
1024 4202 1093 4245 non
1106 4178 1280 4247 secundum
1323 4201 1377 4246 am
1391 4184 1436 4246 ire
1450 4202 1613 4265 queamus.
1661 4182 1706 4246 Hi
1721 4189 1808 4251 enirn
1824 4208 1898 4252 cum
1914 4186 1998 4257 nibil
2012 4189 2054 4257 se·

549 4272 721 4358 scripturae
736 4270 839 4335 sacrae
859 4265 1004 4348 dullum,
1024 4288 1083 4333 nec
1103 4288 1140 4333 ex
1151 4266 1280 4354 ss'mbo·
1323 4288 1357 4333 re
1372 4266 1470 4347 aliud,
1484 4288 1581 4352 quam
1594 4287 1695 4354 patres
1710 4293 1748 4339 ac
1763 4271 1973 4342 traditionem
1987 4297 2052 4344 cre·

549 4351 1280 4439 lis,aurconseffionibusreceptis,sedtumente
1323 4373 1414 4507 qens,
1431 4370 1501 4418 turn
1519 4354 1640 4436 saltem,
1667 4360 1797 4441 quando
1818 4380 1923 4447 patres
1949 4385 1967 4428 a
1994 4365 2055 4431 suit

543 4440 1133 4531 patentiaquepnnunrecentkanrun
1155 4442 1279 4525 itaqui-
1350 4461 1401 4505 are
1414 4443 1555 4528 partibus
1569 4460 1703 4526 putenm
1724 4445 1824 4534 redigi
1847 4471 1918 4516 non
1931 4450 2055 4517 facilius

554 4531 642 4611 dem,
657 4548 691 4597 vt
704 4550 761 4595 ceu
780 4549 855 4595 vera
874 4530 1091 4614 accipiantur,
1112 4546 1281 4613 quaecum
1324 4524 1365 4593 ad
1390 4526 1548 4595 silentium
1563 4530 1705 4613 possunt,
1723 4531 1849 4619 quamsi
1862 4537 2057 4611 m'leomn

554 4617 708 4703 scriptura
734 4615 820 4681 sacra
849 4615 1070 4691 conueniunm
1108 4634 1191 4701 quae
1209 4632 1280 4679 non
1325 4634 1400 4679 clun
1412 4614 1472 4681 iliis
1488 4634 1628 4701 agentes,
1643 4638 1704 4704 pro
1719 4621 1813 4685 nobis
1827 4621 1938 4707 potius
1952 4638 2057 4707 parret

554 4704 765 4781 conueniunt,
779 4722 836 4768 ceu
850 4700 923 4767 salsa
935 4722 972 4767 ac
984 4696 1119 4769 &tronea
1133 4700 1278 4767 reiician·
1322 4696 1565 4787 dobinnamque
1592 4701 1716 4791 semper
1749 4708 1786 4773 in
1822 4704 1954 4775 ecclesia
1970 4728 2058 4775 reee-

551 4804 616 4859 tut.
659 4788 744 4855 Finis
759 4785 812 4857 seu
826 4788 939 4879 scopus
952 4784 1010 4873 ost,
1023 4784 1280 4861 indentiutelli-
1323 4804 1425 4877 ptam,
1443 4788 1594 4873 militate,
1614 4788 1828 4863 oliendnnus.
1873 4794 1957 4863 Non
1975 4814 2054 4881 erge

1977 4900 2062 4953 0οὓ
