5259 5967
766 744 832 813 710
1051 714 1187 784 LIBRI
1214 712 1554 785 POSTERIORIS
1583 716 1747 785 CAPVT
1770 714 2021 798 erurvss

769 856 913 937 consilia,
926 858 976 923 vel
989 854 1216 933 institutiones,
1230 856 1265 920 in
1272 848 1395 920 decreta
1404 872 1501 937 atque
1537 858 1595 941 gni
1609 863 1750 943 operibat
1763 882 1780 922 a
1796 858 1826 924 se
1842 854 1931 923 editis
1944 850 2272 936 subiecit,praesertim

768 950 852 1035 leges
866 960 1009 1010 mutatae
1023 941 1107 1007 sunt.
1151 942 1226 1007 Hoc
1235 961 1313 1007 vero
1322 960 1385 1026 qua
1402 941 1500 1005 ratio·
1541 943 1649 1029 dtffirt.
1664 948 1733 1011 VII.
1752 948 1839 1010 VIII.
1852 946 1956 1009 linit.
1970 944 2004 1005 in
2017 942 2139 1025 quibus
2148 935 2271 1005 decaus-

768 1056 810 1103 ne
824 1032 943 1101 fastum
957 1026 1003 1109 fit,
1018 1030 1053 1097 dc
1068 1030 1182 1112 quibus
1198 1024 1347 1113 gradibus
1359 1024 1500 1094 audiori-
1542 1028 1575 1095 sa
1594 1030 1759 1118 Eutychis,
1780 1031 1922 1095 Flauiani
1935 1026 2079 1112 episcopi
2094 1020 2269 1091 Constanti·

770 1138 817 1189 tas
832 1113 1022 1207 pontificum
1042 1135 1252 1182 romanorum
1274 1134 1415 1199 eousque
1433 1134 1499 1180 cte·
1542 1117 1743 1205 nopolitani,
1760 1118 1884 1182 Domni
1899 1137 1916 1181 e
1940 1113 2044 1198 iscopi
2059 1107 2266 1187 Antiocheni,

767 1210 862 1287 uerit,
876 1223 913 1272 vt
925 1204 1107 1271 facultatem
1119 1206 1275 1275 omittere
1287 1197 1343 1267 sbi
1356 1198 1499 1267 vindiea-
1542 1204 1578 1272 dc
1593 1202 1798 1283 l'heodoreti,
1813 1134 2029 1288 copiodslime
2043 1200 2122 1286 agit,
2140 1218 2266 1285 quorun

767 1296 892 1370 uersuti
912 1294 949 1359 in
969 1287 1229 1361 antecedentibus
1247 1289 1444 1365 luculenter,
1462 1288 1497 1352 ui
1541 1292 1695 1376 exemplis
1711 1290 1795 1357 secus
1810 1290 1981 1358 sentientes
1997 1288 2139 1371 probare
2153 1284 2265 1363 volunt,
2298 1308 2304 1319 ·

765 1382 876 1462 fallor,
889 1376 1187 1446 demonstrauimus.
1242 1376 1343 1442 Nunc
1355 1370 1433 1439 illud
1448 1373 1497 1438 so-
1540 1398 1580 1447 eo
1595 1394 1739 1465 tempore
1752 1373 1792 1443 ad
1806 1375 1972 1462 episcopos
1983 1394 2144 1439 romanos
2159 1392 2267 1459 prouo

766 1470 836 1535 lurn
859 1462 1041 1537 addendum
1056 1508 1067 1544 ,
1088 1467 1172 1532 inter
1187 1464 1305 1548 reliqua
1322 1462 1496 1546 plurimum
1540 1482 1651 1531 catum
1666 1462 1764 1531 fuisse.
1807 1455 2113 1529 Hiscetvmrn'
2133 1480 2185 1525 nv
2206 1478 2264 1525 eru

765 1578 808 1625 eo
822 1558 918 1624 etiam
926 1551 1093 1621 contulisse
1104 1552 1366 1637 prouocationes,
1382 1547 1433 1614 seu
1441 1542 1496 1613 ad·
1539 1549 1629 1619 addit
1650 1572 1702 1619 ro.
1723 1568 1979 1629 cantantia,
2001 1549 2061 1633 qui
2083 1546 2263 1621 Dauidiam,

766 1644 968 1731 pelliciones,
982 1658 1059 1724 quas
1074 1654 1204 1713 vocant,
1217 1632 1258 1702 ad
1266 1630 1435 1719 pontifices
1444 1654 1495 1699 ro·
1539 1641 1654 1725 inquit,
1668 1636 1859 1725 aeigrtditur‚
1872 1636 1941 1700 licet
1953 1635 2142 1718 astarentia
2153 1631 2264 1697 Petride

766 1748 893 1795 mattos.
915 1728 1028 1791 Pereas
1041 1726 1171 1791 enimvt
1184 1722 1388 1807 superioritas
1401 1739 1495 1804 quae-
1537 1730 1651 1789 Merca
1664 1726 1746 1790 circa
1753 1721 2263 1810 praesentioremport'sdfiipsim

766 1816 842 1883 darn
856 1812 917 1879 illis
930 1815 965 1877 in
983 1811 1121 1897 reliquos
1142 1808 1311 1895 episcopos
1326 1808 1359 1873 ἀ
1374 1804 1494 1875 iudices
1538 1812 1714 1898 disentiat,
1743 1814 1780 1876 de
1799 1812 1931 1895 antiqua
1947 1808 2085 1895 ecclefim
2104 1806 2261 1893 disciplina,

764 1922 880 1971 omncs
893 1894 1142 1973 concedebatur;
1164 1900 1209 1962 ita
1223 1899 1426 1961 mirumnon
1439 1891 1494 1969 est,
1537 1900 1681 1985 defflrtan
1690 1901 1730 1963 11.
1739 1898 1898 1984 praeloqu.
1907 1916 1939 1979 p.
1950 1916 2001 1979 97.
2051 1890 2261 1961 Conferendut

764 1986 860 2057 auide
874 2004 925 2053 eat
939 2004 1005 2051 arte
1030 1998 1093 2065 tat,
1108 1982 1299 2068 summoque
1313 1978 1419 2049 studio
1430 1974 1495 2046 sedi
1538 1982 1578 2053 de
1601 2005 1804 2069 ornarem
1824 1984 1922 2051 hocce
1945 2003 2062 2049 earn.
2080 2001 2261 2059 zonaras,

764 2094 919 2143 romanae
943 2003 1119 2137 vindicatas
1129 2114 1142 2153 ‚
1172 2067 1372 2153 adsertaeque
1395 2064 1494 2134 fuisse.
1536 2072 1774 2139 intrabimude
1788 2070 1983 2136 libertatibus
1995 2068 2135 2155 ecclesiae
2148 2064 2261 2155 gaitei-

764 2160 929 2229 Nonnulli
952 2153 1122 2243 equidem,
1151 2150 1373 2242 antiquissimis
1395 2156 1493 2221 etiarn
1535 2179 1597 2223 ttae
1608 2161 1758 2244 antiquae
1771 2155 1990 2229 &hodiernae
2006 2161 2074 2229 &a
2098 2175 2167 2242 cap.
2180 2160 2220 2222 11.
2237 2160 2261 2237 §-

764 2247 963 2333 tenrporibus
978 2241 1127 2315 usitatum
1140 2241 1250 2324 fuisse,
1271 2260 1306 2309 vt
1320 2239 1361 2309 ad
1374 2238 1493 2326 episco·
1535 2248 1596 2311 ΙΙΙ.
1642 2246 1752 2311 Nemo
1772 2262 1880 2312 autem
1898 2245 2018 2311 maiori
2035 2246 2138 2310 animi
2152 2246 2261 2329 impeti

763 2356 825 2423 pos
839 2352 992 2399 romanos
1007 2345 1254 2417 prouocaretur,
1272 2323 1492 2403 contendunt3
1536 2330 1673 2399 causs'am
1688 2352 1900 2398 romanorum
1912 2326 2113 2417 pontificum
2123 2333 2158 2397 in
2173 2330 2262 2399 hocce

763 2428 868 2493 irnmo
884 2420 923 2486 ab
938 2418 1007 2504 ipso
1028 2419 1121 2485 Petro
1140 2413 1313 2500 apostolo,
1333 2430 1369 2479 vt
1383 2430 1492 2479 totum
1535 2420 1638 2503 capite
1647 2421 1721 2505 egit,
1729 2438 1826 2503 quarn
1839 2438 2082 2485 curtenova
2092 2439 2150 2498 vs,
2163 2420 2262 2504 lpren·

761 2511 934 2595 imperium
942 2506 1066 2591 papale,
1080 2506 1124 2570 ita
1133 2504 1166 2571 dc
1175 2506 1223 2569 ius
1232 2497 1492 2587 accipiendipto·
1534 2502 1583 2585 srs,
1599 2502 1781 2592 theologiae
1795 2503 1923 2584 dooor,
1935 2506 1975 2573 ·&
1985 2507 2021 2570 in
2033 2503 2263 2573 academiaLo·

762 2596 971 2670 uocationes,
993 2608 1132 2675 repetere
1144 2610 1214 2653 non
1233 2585 1400 2663 dubitante
1421 2587 1492 2671 qui·
1535 2587 1677 2660 uanienfi
1701 2590 1855 2676 professor
1874 2592 2036 2676 publicus,
2054 2594 2091 2657 in
2106 2592 2216 2657 diuino
2230 2608 2265 2655 ac

763 2685 823 2749 but
841 2698 949 2744 tamen
963 2676 1035 2753 alii,
1053 2675 1087 2741 dc
1101 2671 1231 2758 quidem
1245 2669 1441 2739 cordatiores
1454 2692 1492 2739 ex
1534 2676 1685 2743 immobili
1694 2678 1798 2760 senili
1812 2680 1918 2759 Petri,
1937 2676 2137 2764 apostolorum
2144 2677 2265 2763 princi·

761 2763 836 2851 ipsis
858 2757 1117 2841 romanensibus,
1142 2778 1319 2846 repugnant
1334 2782 1343 2834 ς
1373 2762 1492 2844 quippe
1529 2768 1594 2849 pis,
1606 2765 1689 2829 eirca
1703 2765 1841 2833 omnium
1849 2765 1908 2848 fieb
1921 2764 2148 2851 caelofidelittm
2161 2766 2204 2829 ad
2217 2786 2264 2830 eo·

761 2854 858 2941 quin
895 2864 962 2929 ant,
979 2844 1133 2914 aiudiciit
1146 2847 1337 2933 quibuslibet
1350 2842 1490 3001 squado-
1533 2871 1662 2915 mattam
1678 2854 1741 2917 eius
1760 2852 1940 2917 cathedram
1958 2849 2197 2937 adpedarionet,
2212 2852 2264 2917 ad·

761 2959 836 3006 tum
852 2868 1081 3011 :dromanum
1101 2929 1289 3023 pontificem
1310 2932 1354 2997 sui
1382 2952 1490 3016 epto-
1533 2940 1649 3022 uerfirm
1659 2936 2028 3021 profonasbodieoocum
2043 2940 2211 3021 nouitate,
2224 2940 2264 3022 af

761 3040 927 3095 uocatum.
948 3022 1044 3089 Hanc
1055 3021 1242 3093 sententiam
1254 3037 1361 3086 tuetur
1376 3039 1490 3085 rnre.
1523 3026 1606 3108 stete
1621 3026 1809 3111 priuilegio,-
1838 3026 2037 3111 Mogontiae
2051 3046 2104 3091 an.
2125 3030 2217 3101 1681.
2234 3046 2262 3109 4.

761 3134 816 3183 ot.
836 3129 998 3190 arenci,
1020 3105 1060 3175 de
1087 3108 1247 3176 concordia
1261 3106 1428 3190 facereret·
1451 3104 1490 3179 θ’
1531 3107 1632 3177 edito.
1688 3110 1842 3195 Quinque
1861 3132 1944 3197 opus
1966 3108 2073 3181 hocce
2095 3111 2262 3181 absoluirur

761 3198 886 3281 imperii
903 3195 956 3261 tio.
973 3199 1027 3263 VI.
1042 3213 1109 3278 cap.
1127 3197 1214 3257 XIV.
1230 3211 1263 3276 p.
1275 3214 1316 3263 m.
1331 3198 1396 3269 860.
1404 3192 1488 3275 seqq·
1530 3195 1798 3263 dissertationibus
1837 3219 1975 3282 quarum
1993 3202 2101 3283 prima
2115 3198 2152 3267 de
2168 3200 2260 3263 eccle.

761 3284 876 3351 diserte
889 3300 1019 3364 negans,
1032 3277 1072 3343 ad
1095 3278 1259 3343 ellationes
1267 3277 1307 3342 ad
1314 3298 1489 3345 romanum
1532 3280 1592 3351 fiae
1604 3283 1788 3367 gallicanae,
1803 3244 1939 3351 secunda
1954 3282 1993 3350 de
2009 3285 2186 3365 atiicanae,
2204 3303 2260 3351 ter.

760 3363 953 3455 pontificem
968 3366 1050 3429 olim
1111 3384 1148 3431 ex
1156 3367 1251 3431 veteri
1260 3364 1430 3430 iureinvsn
1441 3362 1488 3427 fu,
1531 3373 1575 3435 tia
1590 3369 1828 3455 defiueychetis‚
1845 3388 1958 3456 quarta
1967 3368 2007 3442 de
2015 3373 2166 3451 floriani,
2174 3374 2259 3461 quin.

759 3455 835 3528 isser
857 3449 1048 3536 idemque&
1060 3469 1169 3517 rorn.
1183 3470 1389 3517 carnorvs
1404 3448 1488 3528 fecit,
1532 3473 1564 3523 ta
1578 3452 1714 3540 denique
1729 3453 1973 3526 deTheodoreti
1988 3456 2030 3523 ad
2045 3458 2149 3527 sedem
2162 3481 2261 3525 ronu-

762 3541 933 3625 theologus
959 3537 1013 3602 ille
1041 3533 1215 3605 Parisiensis
1244 3532 1487 3614 eruditissimus,
1528 3545 1920 3626 namprouocationibus,
1936 3544 2064 3613 trasiat.
2114 3548 2262 3613 Amin.

759 3626 911 3715 epistolar.
922 3640 1006 3708 part.
1020 3626 1062 3691 11.
1076 3643 1121 3708 ep.
1138 3627 1195 3688 lsi.
1205 3641 1238 3707 p.
1247 3643 1298 3693 tro.
1298 3624 1381 3711 seqq.
1398 3622 1489 3688 alibi·
1531 3626 1644 3697 stituto
1671 3627 1832 3696 calamum
1856 3627 2003 3698 aduersus
2036 3654 2110 3700 cum
2144 3632 2262 3699 slrinxit

761 3736 835 3803 que.
879 3710 940 3781 Sed
952 3708 1046 3778 hosce
1062 3708 1200 3778 refellere
1212 3707 1367 3797 adgressus
1381 3706 1489 3778 estro·
1531 3734 1623 3783 nvn.
1647 3736 1730 3782 ait.
1754 3737 1804 3783 ov
1827 3738 1917 3795 eru,
1942 3716 1982 3785 de
1992 3720 2205 3804 antiquaeccle
2225 3741 2262 3784 ae

761 3824 785 3870 o
796 3819 862 3867 tvt
871 3821 893 3865 n
902 3818 980 3878 ivs,
992 3800 1087 3877 iuris,
1107 3794 1196 3883 quod
1209 3794 1270 3865 hac
1283 3800 1320 3863 in
1333 3818 1365 3865 re
1379 3800 1488 3881 ponti·
1530 3801 1700 3885 disciplina,
1713 3802 1856 3890 differtor.
1865 3806 1908 3870 ΙΙ.
1918 3823 1952 3890 p.
1961 3827 2011 3889 95.
2015 3807 2099 3890 seqq.
2111 3806 2167 3871 vbi
2171 3825 2204 3891 p.
2209 3828 2260 3891 97.

762 3886 835 3955 lices
857 3884 915 3953 stbi
933 3880 1116 3965 vindicant,
1138 3887 1310 3955 acerrimus
1331 3880 1487 3963 adsertor,
1530 3887 1570 3955 de
1586 3910 1625 3954 eo
1640 3892 1684 3954 ita
1697 3893 1905 3972 pronuntiat:
1931 3894 1990 3956 Vir
2006 3908 2088 3959 certe
2101 3893 2216 3974 bonas,
2232 3910 2263 3960 tt

760 3973 873 4043 audior
886 3974 1005 4059 quippe
1019 3971 1090 4037 libri
1104 3971 1213 4056 gallice
1225 3968 1313 4051 editi,
1327 3968 1366 4035 de
1381 3971 1489 4035 iudici·
1521 3978 1645 4059 fertur,
1667 3978 1706 4046 ὅ
1726 3977 1846 4041 meliori
1863 3976 1962 4065 cauffo
1976 3978 2100 4064 dignus.
2144 3982 2181 4045 stt
2202 3984 2262 4049 eittt

759 4064 788 4127 it
802 4063 1002 4146 episcoporum
1010 4058 1182 4135 canonicis,
1194 4078 1291 4143 quem
1298 4056 1489 4124 rursusano·
1530 4078 1635 4127 tamen
1648 4082 1736 4146 opere
1752 4064 1852 4128 animi
1870 4067 2061 4150 aequitatem
2076 4069 2115 4137 ω’
2127 4067 2261 4153 modejii·

760 4167 879 4234 nymur
891 4144 1034 4232 quidam,
1047 4148 1082 4211 in
1093 4145 1176 4211 libro
1184 4141 1415 4229 deantiquis&
1420 4165 1488 4207 ma.
1530 4170 1585 4213 am
1598 4151 1729 4233 requiro.
1773 4153 1861 4217 Nam
1866 4151 1899 4235 fi
1909 4150 2116 4237 qaaestionem
2130 4152 2218 4243 istm
2221 4155 2262 4241 fi.

760 4234 877 4305 iuribus
891 4234 1093 4318 episcoporum
1104 4228 1213 4317 cauffls,
1227 4229 1415 4298 consutauit.
1449 4233 1488 4297 In
1530 4257 1569 4301 ne
1574 4233 1700 4320 fedei&
1714 4238 1811 4303 amice
1823 4238 1989 4324 traisaffl’t,
2001 4243 2073 4324 quis
2085 4262 2155 4307 eam
2165 4261 2261 4326 repre·

760 4342 894 4401 eorum,
907 4322 980 4405 qui,
995 4322 1032 4387 in
1046 4321 1143 4386 veteri
1158 4315 1285 4385 ecclesia
1301 4315 1487 4405 adpellatio-
1530 4321 1699 4389 benderet?
1710 4325 1777 4407 quis
1789 4326 1966 4409 inceſseret?
1977 4332 2022 4392 At
2033 4328 2128 4392 tantis
2133 4328 2261 4411 probris

760 4428 817 4472 net
832 4404 872 4471 ad
887 4426 1061 4473 romanum
1074 4402 1272 4492 pontificem,
1289 4402 1487 4488 necvsrtatas,
1530 4409 1793 4497 virosinfignet&
1800 4412 1965 4479 catholicos
1979 4413 2091 4503 adficit,
2103 4429 2150 4477 tot
2164 4416 2198 4479 itt
2215 4435 2261 4480 eos

757 4512 820 4571 nec
831 4492 980 4578 probatas
993 4491 1093 4576 fuisse,
1110 4490 1323 4574 contendunt,
1339 4492 1488 4559 sententi·
1529 4497 1692 4562 mauritta
1704 4501 1856 4584 congerit,
1876 4516 1908 4563 ot
1923 4500 2050 4585 dignam
2061 4499 2139 4566 mihi
2155 4502 2258 4569 videa-

761 4601 815 4647 am
835 4580 931 4645 etiam
945 4573 1095 4675 concessit
1114 4599 1257 4647 oascrr.
1276 4600 1488 4665 oraturu-
1529 4597 1670 4667 europus
1684 4584 1796 4651 eiurin
1810 4603 1991 4672 perpetuum
2009 4588 2171 4673 alescendi.
2185 4588 2259 4675 qaas

761 4688 851 4753 ovs,
869 4663 1191 4754 nuntiationibus,
1207 4668 1489 4759 quaes-tonitrua·
1519 4670 1608 4757 flecte
1621 4668 1757 4761 loliginis
1769 4673 2045 4763 aliquempiam
2057 4674 2107 4763 est.
2157 4674 2253 4825 lostff}

2231 4774 2257 4825 tt
