5259 5967
549 744 625 794 -ιιο
893 717 1034 787 LIBRI
1056 712 1266 787 PRIORIS
1285 701 1461 779 CAPVT
1482 704 1741 795 QVARTVM

559 846 780 941 notentur,
797 859 835 925 de
844 862 1092 924 lexicisveterttm
1106 867 1291 923 (irnetorrtrrt
1335 877 1386 919 ov
1412 878 1551 922 canor
1567 854 1744 942 gioffnzfttrrr
1755 853 1874 921 mediae
1893 854 1932 926 Εἴ
1945 851 2072 943 inplerent

559 972 598 1017 ex
611 950 721 1015 Photio
731 946 911 1032 potffltntmt
918 946 1117 1030 fiheriitfino,
1131 950 1165 1009 in
1177 944 1289 1027 adptn.
1327 945 1535 1027 graecitatis,
1565 943 1651 1028 qnod
1675 943 1822 1030 Lugduni
1837 964 1889 1008 an.
1911 948 1992 1021 1688
2012 944 2068 1010 l'ol.

559 1038 681 1103 dicenti
694 1034 1212 1121 offerentiametusncntemr'eas,
1229 1032 1289 1095 Ar·
1334 1026 1465 1113 prodiit.
1535 1032 1606 1094 Pars
1625 1050 1733 1095 ¹tutem
1769 1030 1926 1114 posterior
1958 1036 2067 1117 operis

559 1143 721 1213 gentoratt
742 1132 836 1201 1658,
855 1134 884 1193 s.
899 1117 1158 1192 iundlimeditan
1173 1116 1288 1202 dequi-
1332 1118 1510 1200 Lan—glani,
1544 1139 1626 1202 quae
1648 1136 1721 1181 ante
1743 1121 1883 1201 priorem
1904 1138 1956 1182 an.
1984 1136 2070 1199 1707

559 1206 743 1277 busiridem
766 1210 800 1275 dt
823 1228 918 1274 utu.
948 1226 1158 1271 otonotvs
1187 1224 1288 1269 mon·
1328 1198 1491 1267 -Altdnrffii
1507 1203 1611 1267 lucem
1629 1201 1789 1289 adspexit,
1810 1206 2070 1271 introdnt‘iionent

558 1319 712 1365 nortvs
736 1290 966 1373 conterendus,
977 1292 1115 1379 polybt'st.
1130 1292 1225 1357 oeten.
1235 1291 1288 1355 lib.
1332 1293 1477 1355 continet
1491 1291 1535 1353 nd
1553 1290 1655 1374 potstn
1666 1292 1972 1377 barbaro-graecam
1988 1338 1998 1369 ,
2012 1293 2069 1357 ba·

557 1382 1053 1464 tuc.tstl.&Vt1t.p.77.seqq.
1085 1383 1132 1445 De
1148 1376 1289 1445 dinetus
1329 1377 1662 1459 trochonrpomnrbiam
1698 1381 1837 1458 Homeri,
1860 1402 1881 1442 n
1911 1380 2067 1445 Demetrio

559 1473 784 1549 Graecorum,
804 1468 1087 1552 l'criptotibusque,
1108 1468 1164 1551 qui
1193 1462 1232 1529 de
1251 1466 1289 1528 iis
1333 1468 1434 1541 Zeno,
1451 1463 1624 1547 Zeryntbio
1638 1466 1671 1527 in
1694 1467 1792 1547 verses
1813 1467 2067 1552 borbono-grat-

558 1576 699 1647 egetunt,
717 1575 941 1620 raearctvs
956 1551 1070 1620 itidem
1083 1550 1206 1619 erudite
1218 1572 1289 1616 ver·
1331 1572 1382 1614 cot
1394 1555 1588 1632 connerfirrn,
1608 1572 1676 1613 corn
1698 1554 1952 1634 interpretatione
1966 1556 2069 1617 latina

558 1648 598 1711 bn
614 1645 699 1719 llicit,
712 1641 853 1706 bibinen.
861 1660 966 1727 graec.
980 1640 1096 1705 libJV.
1111 1660 1136 1703 c.
1144 1640 1290 1704 XXXIV.
1332 1640 1372 1708 ὅ
1385 1638 1639 1701 adnotationibus
1656 1641 1793 1701 Martini
1812 1638 1933 1723 Crasti,
1967 1662 2067 1725 porro

553 1752 655 1817 p.5t,‘.
668 1732 732 1813 sq.
753 1732 941 1793 recentiores
963 1730 1077 1805 etiam,
1111 1729 1168 1811 qui
1192 1722 1232 1790 de
1251 1726 1289 1788 iis
1331 1724 1566 1809 dffrtationem
1583 1725 1619 1787 de
1642 1745 1695 1788 rer
1715 1746 1772 1788 ont
1792 1730 1868 1790 notri
1896 1727 2069 1813 testamenti

557 1817 757 1904 scripserunt,
772 1812 894 1881 indicat
908 1815 961 1879 lib.
980 1820 1053 1879 V.c.
1069 1817 1138 1876 Vll.
1146 1830 1179 1896 p.
1187 1831 1235 1893 75.
1256 1812 1289 1875 Si
1332 1812 1604 1897 barbaro-graece,
1623 1812 1658 1877 &
1694 1814 1808 1897 enique
1815 1817 2068 1879 exercitationem

581 1910 630 1972 uis
649 1924 726 1970 vero
739 1907 771 1968 in
785 1898 982 1987 compendio
996 1902 1186 1987 praecipuos
1193 1918 1289 1983 quos·
1330 1899 1368 1961 de
1381 1897 1553 1983 differentia
1569 1897 1690 1984 linguae
1705 1904 1891 1965 Graecorum
1903 1905 2069 1975 veteris&

557 1928 633 2061 dnm
646 2008 791 2057 veterum
805 1990 995 2073 scriptorum
1010 2006 1199 2073 graecorum
1218 1982 1290 2048 nos-
1332 2005 1442 2063 nottae,
1450 1984 1516 2067 fine
1529 1986 1828 2071 betlono-graecae.
1884 2011 2015 2055 auexit
2028 2013 2067 2056 n.

555 2082 589 2148 se
610 2082 725 2164 cupit,
747 2078 794 2141 illi
815 2071 998 2140 adeundum
1015 2073 1226 2155 compendium
1242 2072 1291 2134 bi·
1335 2093 1415 2136 οειι
1433 2070 1580 2155 equidem
1595 2096 1616 2137 ιι
1628 2094 1673 2139 ει
1684 2094 1731 2138 ιιι
1743 2095 1852 2151 orvs,
1866 2076 2066 2161 homograe-

555 2167 724 2232 bliothetne
729 2183 861 2249 graecae
880 2182 919 2225 tx
934 2160 1192 2245 proeleiiionibttt
1215 2158 1291 2221 Vin·
1332 2179 1399 2238 cus,
1415 2158 1595 2238 contendit,
1610 2160 1762 2245 linguam,
1777 2182 1839 2247 qna
1848 2159 2069 2229 hodieGraeci

555 2252 714 2339 dinginnit
732 2248 941 2333 composttton,
968 2245 1182 2331 editumquea
1195 2264 1288 2309 unv-
1333 2262 1480 2323 vtuntut,
1500 2249 1628 2310 aveteri
1643 2268 1711 2311 non
1724 2246 1957 2330 aliterditlerre,
1967 2272 2068 2335 quam

559 2360 716 2407 tenero
738 2358 849 2403 uvtto
860 2355 914 2414 to,
930 2333 1138 2397 Haffitiaean.
1155 2348 1241 2412 1704
1253 2332 1289 2394 in
1332 2326 1522 2396 rusticorum
1537 2334 1571 2396 in
1587 2333 1771 2414 Germania,
1786 2336 1824 2399 ab
1840 2338 1906 2416 illa,
1916 2358 1998 2422 quae
2007 2336 2068 2403 ho·

558 2440 590 2505 8.
603 2429 652 2492 De
666 2426 771 2511 lingua
784 2423 984 2488 Graecorum
997 2416 1172 2497 hodierna,
1186 2436 1288 2503 quam
1331 2418 1473 2483 minibus
1494 2420 1683 2485 cultioribus
1702 2426 1832 2506 propria
1850 2421 1916 2499 est,
1935 2422 2012 2491 ltine
2033 2428 2068 2495 ὃς

554 2516 705 2581 barbaro·
726 2530 850 2575 rotrone
860 2508 911 2573 vel
919 2505 1219 2594 graece-berberem
1231 2526 1289 2569 vo·
1330 2504 1499 2590 scriptores
1514 2508 1594 2571 noui
1610 2503 1788 2573 testamenti
1804 2507 2067 2582 linevlloversto-

555 2619 641 2681 cant,
655 2530 1031 2664 vtiocvnicumadhuc
1049 2612 1221 2667 moneam3
1243 2591 1288 2656 le-
1331 2612 1372 2657 ne
1387 2594 1427 2655 ab
1447 2592 1634 2657 hominibus
1658 2596 1788 2679 plebeiis
1810 2600 1845 2661 in
1866 2598 2003 2666 Graecia
2016 2604 2066 2667 in·

576 2687 657 2757 enda
673 2684 810 2751 omnino
823 2704 876 2748 10.
892 2702 921 2745 n
931 2702 941 2745 1
952 2702 971 2744 c
982 2701 1016 2745 ιι.
1039 2699 1123 2743 utin
1133 2698 1204 2757 οιι,
1225 2680 1288 2741 viri
1332 2680 1448 2765 redigi,
1467 2682 1501 2743 in
1508 2678 1596 2763 statu
1605 2684 1759 2764 praefinti
1773 2684 1905 2768 ecclestet
1912 2706 2064 2773 graecae,

555 2712 741 2851 bouillart,
753 2767 923 2853 philologia
934 2767 1215 2850 barbaro-graecu
1231 2785 1287 2828 cu·
1331 2786 1358 2829 c.
1369 2769 1420 2829 Vl.
1428 2783 1461 2849 p.
1473 2769 1602 2850 defiet.
1649 2765 1862 2835 Vehementer
1875 2776 2066 2860 itaqueillis,

556 2867 606 2929 ius
620 2882 692 2947 pars
707 2860 796 2942 prior
806 2854 1041 2939 Notimbergae
1053 2873 1105 2917 an.
1122 2862 1207 2932 1708
1220 2848 1288 2917 edi·
1331 2854 1387 2937 qui
1405 2874 1531 2917 nonum
1544 2850 1764 2920 testamentum
1777 2859 1811 2921 in
1825 2858 1969 2946 linguam
1978 2882 2068 2949 grae.

556 2968 607 3029 ta,
629 2952 775 3013 continet
795 2942 989 3006 meletemata
1008 2940 1047 3003 de
1068 2938 1202 3024 origine,
1214 2958 1289 3023 pro-
1331 2941 1566 3021 eo-batbatam,
1580 2940 1630 3006 seu
1653 2964 1740 3021 earn,
1762 2966 1844 3029 quae
1861 2944 1961 3014 hodie
1979 2948 2069 3035 apud

549 3034 660 3129 grtffle,
679 3034 718 3103 θ’
733 3032 831 3096 etrite
832 3029 919 3112 fetis
934 3028 1057 3113 lingeret
1062 3046 1206 3113 graecae,
1221 3043 1289 3089 tam
1332 3025 1474 3092 Graecos
1488 3030 1522 3092 in
1542 3028 1597 3093 vsu
1618 3026 1678 3107 ell,
1699 3033 1944 3114 transtulerunt,
1961 3038 2069 3104 irasci-

555 3124 693 3199 reteris,
721 3138 816 3202 quom
837 3114 1027 3193 hodiernae,
1054 3113 1122 3197 stret
1147 3112 1290 3198 vulgaris
1331 3128 1392 3178 tut.
1459 3116 1569 3189 Immo¹
1598 3114 1756 3182 eiusmodi
1783 3122 2068 3205 interpretationes

556 3211 701 3283 ρ’ωμιικῆςς
722 3199 865 3268 addenda
881 3204 1019 3266 omnino
1033 3203 1071 3265 iis
1085 3200 1232 3284 seriptis,
1254 3201 1289 3263 in
1330 3221 1392 3264 non
1405 3201 1508 3265 minns
1520 3203 1784 3285 fltperrtacontns,
1803 3228 1898 3289 qnam
1919 3212 2070 3275 ridiculae

557 3294 674 3380 quibus
690 3287 819 3354 historie
832 3308 963 3373 graecae
983 3287 1109 3373 linguae
1124 3282 1288 3372 panditur,
1330 3286 1393 3374 effe,
1407 3294 1596 3373 pronuntiat
1606 3290 1626 3354 l.
1637 3296 1845 3375 c.c.lX.p.13;.
1892 3294 1952 3361 sed
1967 3302 2069 3365 satio.

557 3400 638 3467 quae
652 3376 1289 3460 anteacommemorauimus3itemgrant·
1334 3377 1428 3441 nibus
1441 3378 1507 3441 eius
1517 3374 1644 3443 abunde
1661 3377 1862 3446 satist'ecitvit
1877 3380 2069 3453 clatillimos

556 3461 1291 3547 motionebarbaro-graecaespnopfin,(itiusmo-
1333 3483 1385 3528 ιο.
1410 3483 1538 3529 rtnrr.
1566 3486 1797 3543 oesnrnvs,
1811 3472 1844 3533 in
1863 3492 2069 3541 commenta-

557 3552 592 3621 di
614 3555 711 3618 etiam
737 3572 791 3615 ιο.
810 3568 1156 3615 rntnercuovrvs
1186 3546 1290 3631 dedit,
1323 3553 1422 3617 tione
1435 3548 1475 3617 de
1488 3552 1658 3615 eruditione
1675 3558 1879 3634 Graecorum,
1902 3562 1958 3642 qni
1978 3558 2070 3629 bodie

556 3642 652 3707 lenae
666 3660 719 3703 an.
740 3654 815 3717 1705
838 3638 873 3701 in
892 3646 924 3709 8.
945 3638 980 3704 &
1002 3632 1139 3723 denique
1151 3636 1291 3723 gloffitrir'
1330 3640 1456 3717 uiuent,
1469 3659 1551 3724 quae
1562 3634 1920 3721 exllttmifiellentornm
1936 3648 2070 3735 Lrpfien.

554 3726 808 3811 barbaro-graeci
827 3725 1059 3807 compendium,
1087 3745 1155 3809 quo
1179 3741 1288 3790 tamen
1322 3725 1404 3811 fitam
1417 3742 1493 3790 tom.
1508 3729 1549 3792 11.
1563 3747 1596 3812 p.
1605 3729 1763 3813 ΜΨ.

540 3810 845 3903 'pleniusellcrto
868 3830 923 3875 ov
947 3830 1105 3876 ransart
1128 3832 1316 3887 oonrttr,

542 4004 547 4011 ¹
668 3916 698 4016 §.
725 3918 788 3993 Vl.
817 3915 920 3991 ldem
941 3914 979 3992 &
997 3915 1045 3991 de
1059 3918 1181 4019 lingua
1199 3918 1328 3995 ebraee
1351 3914 1600 4011 censendum,
1628 3922 1843 4031 quavetetis
1859 3927 2069 4011 testamenti

557 4016 642 4095 libri
657 4014 857 4117 confignati
872 4010 974 4107 sunt,
995 4016 1147 4095 cuiusue
1167 4016 1260 4095 adeo
1284 4016 1417 4093 notitia
1438 4016 1653 4093 adcuratiort
1678 4044 1790 4093 nemo
1811 4027 1976 4119 carebit,
2003 4031 2069 4109 nist

586 4115 625 4191 ui
640 4116 681 4189 in
694 4114 857 4189 tenebris
871 4113 1054 4207 oberrare,
1068 4115 1106 4192 &
1118 4117 1161 4191 in
1176 4116 1326 4193 maximi
1338 4117 1521 4193 momenti
1537 4116 1654 4207 rebus,
1671 4117 1793 4193 alienis
1809 4122 1860 4196 vti
1870 4128 1990 4204 oculis
2005 4154 2068 4205 ve-

558 4212 610 4288 lrt.
636 4216 652 4249 ⁸
677 4214 799 4289 Exstat
813 4235 998 4313 praeterea
1011 4212 1143 4314 ingens
1156 4212 1377 4317 scriptorum
1391 4212 1619 4289 iudeicorum
1633 4239 1826 4308 numerus,
1849 4224 1914 4321 qui
1938 4228 2068 4305 ebraee

557 4309 681 4409 lingua
698 4331 890 4412 corrupta,
904 4306 965 4384 seu
979 4312 1182 4406 rabbinica,
1203 4338 1314 4415 quem
1329 4332 1483 4403 vocant,
1494 4332 1669 4395 vtuntur;
1684 4338 1731 4389 ex
1746 4317 1878 4415 quibus
1894 4326 2067 4421 quando.

544 4432 635 4509 ·que
649 4409 783 4483 minin
798 4406 899 4499 aliis,
918 4410 1103 4487 tum&itt
1129 4412 1197 4487 scri
1224 4434 1329 4485 turae
1351 4408 1467 4485 sacrae
1488 4410 1567 4484 inte
1615 4413 1812 4505 rotatione,
1827 4416 1870 4492 iis
1887 4424 2068 4517 maxime,

559 4530 654 4618 quae
668 4506 712 4581 ed
726 4507 846 4607 gentis
859 4505 967 4583 huius
984 4508 1075 4587 ritus
1087 4509 1126 4586 dc
1140 4509 1375 4609 antiquitates
1391 4505 1574 4609 spellam,
1602 4534 1708 4585 ueem
1724 4512 1916 4612 quamdam
1935 4548 1977 4597 ca
2006 4548 2070 4599 ere

559 4604 655 4681 hcet.
681 4610 723 4645 **
749 4603 812 4680 Ad
827 4604 983 4709 reliquas
1001 4606 1152 4707 dirigeres,
1167 4632 1255 4708 ques
1268 4604 1454 4680 orientales
1467 4630 1614 4691 vocant,
1626 4610 1729 4717 quod
1740 4612 1881 4707 attinet,
1897 4619 2069 4719 quilibet,

558 4702 651 4807 quid
664 4700 777 4808 scopi,
792 4702 981 4809 quemstbi
1002 4706 1245 4785 constitutum
1269 4704 1528 4785 inlitteratum
1541 4706 1666 4787 stadis
1681 4708 1808 4803 hebet,
1833 4717 1939 4810 totio,
1957 4720 2071 4824 quid.

2025 4845 2074 4901 ue
