5259 5967
557 732 598 799 η
851 704 987 777 eruut
1013 704 1217 778 aaronis
1253 668 1422 782 osrvr
1442 710 1737 783 secvuovu

554 876 628 923 rum
641 872 772 943 genere,
787 846 956 937 praestanti
971 850 1003 917 se
1016 852 1138 940 pollere
1151 850 1286 931 iudicio,
1325 856 1456 918 acutam
1471 856 1511 927 cs*
1521 857 1721 942 agnoscimus,
1736 856 1775 926 εἰ
1786 854 2068 940 adpellemusfflro-

438 954 446 967 '
553 939 935 1021 ostendat,inalioautem
943 936 1288 1040 nonequippequodex
1326 957 1435 1026 pterea
1448 944 1531 1026 quod
1544 945 1626 1006 inter
1638 944 1770 1029 cattfflem
1779 959 1933 1026 penetrat,
1949 946 1988 1013 (ἵ
2000 940 2069 1029 effe-

553 1024 1288 1112 taussisanteacommemoratisprouemt.Cum
1331 1032 1432 1107 uum,
1456 1026 1675 1113 desubtilitate
1690 1032 1735 1094 ad
1754 1031 1974 1116 Hieronumum
1992 1036 2070 1095 Carr-

552 1119 663 1211 primis
674 1110 1041 1198 obseruandum,srquis,
1055 1132 1193 1179 anatrrra
1203 1110 1286 1179 iudi·
1329 1115 1457 1196 danum,
1474 1118 1596 1181 exercit.
1606 1121 1630 1181 t.
1634 1136 1668 1201 p.
1678 1138 1698 1181 t.
1709 1139 1735 1180 z.
1773 1114 1824 1180 Ad
1838 1113 1994 1182 iudicium
2009 1118 2068 1181 ita-

554 1211 607 1279 cio
621 1198 792 1292 praeditus,
808 1202 1074 1279 inrebuscriticis‚
1084 1201 1286 1286 aliisquemi-
1329 1223 1403 1287 que,
1420 1203 1473 1267 seu
1489 1211 1586 1269 tteuuu
1601 1216 1713 1276 aarum.
1722 1206 1837 1267 merito
1855 1202 1987 1267 refertur
1996 1202 2069 1269 sub.

542 1368 547 1373 ,
552 1295 798 1375 nobistantum
811 1285 891 1353 illud
898 1301 1050 1366 exerceat,
1063 1284 1174 1373 hisque
1183 1303 1290 1353 totum
1334 1290 1448 1364 tilitas;
1465 1288 1747 1374 cuiusquippecsi,
1765 1293 1800 1355 in
1815 1292 1947 1356 intimos
1963 1308 2071 1355 rerum

554 1385 586 1452 se
602 1376 715 1455 tradat,
731 1396 806 1445 eum
822 1395 935 1458 parum
951 1372 1081 1439 feliciter
1095 1374 1244 1459 deinceps
1253 1375 1290 1437 in
1333 1391 1500 1463 penetrare
1525 1375 1674 1454 recessus,
1701 1378 1735 1443 δι
1755 1398 1791 1442 ea
1818 1375 1973 1464 detegere,
1988 1396 2073 1463 quae

555 1465 661 1543 studio
684 1459 873 1547 theologico
896 1459 1028 1541 verbri,
1051 1464 1153 1527 immo
1178 1457 1290 1526 iudicii
1333 1463 1472 1529 aliorum
1487 1462 1600 1528 oculos
1616 1467 1732 1528 mentis
1742 1460 1877 1549 fugiunt.
1924 1464 2071 1529 ln'seita-

555 1551 806 1627 imbecillitatem
820 1548 926 1633 palam
940 1544 1209 1634 documentisque
1222 1566 1290 1612 cer·
1333 1571 1396 1637 que
1412 1548 1549 1635 speetata
1566 1549 1719 1615 subtilitas
1735 1553 1768 1615 in
1776 1549 1929 1615 omnibus
1939 1547 2071 1639 quidem

554 1637 679 1712 tillrmis
692 1633 844 1722 prodere;
860 1655 899 1700 eo
915 1630 1015 1720 quod,
1029 1636 1173 1700 minutiis
1185 1634 1289 1701 inani-
1333 1638 1482 1717 scientiis,
1498 1636 1670 1723 prasertim
1687 1638 1721 1704 δι
1735 1641 1771 1703 in
1786 1635 1961 1725 theologia,
1976 1637 2070 1702 vsum

556 1735 676 1815 busque
691 1722 914 1791 subtilitatibus
930 1718 1087 1803 adsuetus,
1094 1719 1150 1787 has
1158 1739 1289 1809 quoque
1332 1722 1489 1811 infignem
1505 1724 1643 1808 praebet,
1658 1720 1743 1810 fique
1759 1726 1851 1790 nullo
1870 1728 1949 1791 vitio
1967 1722 2005 1791 srt
2019 1726 2070 1791 in-

555 1818 602 1889 ibi
615 1810 823 1890 consectetur,
839 1803 937 1874 millis
952 1810 1162 1896 grauioribus,
1176 1811 1212 1874 in
1219 1807 1290 1893 qui·
1334 1811 1426 1892 reeta,
1435 1832 1472 1876 ac
1486 1812 1641 1898 sapientia
1649 1809 1843 1878 moderatrix
1851 1810 1990 1893 accedat,
2000 1810 2070 1877 lau-

556 1908 615 1975 bus
626 1900 679 1968 vel
694 1899 833 1964 maxime
850 1898 920 1962 vim
941 1892 1052 1963 iudicii
1070 1892 1290 1962 demonstrare
1334 1896 1440 1967 danda
1454 1902 1699 1986 maximopere,
1719 1899 1752 1966 &
1770 1901 1852 1965 inter
1868 1897 2069 1986 praestantis-

554 1986 700 2062 debebat.
767 1984 921 2051 Arbitrati
941 1980 1018 2048 hinc
1037 1984 1149 2069 aliquis
1172 1979 1289 2069 possets
1333 1984 1411 2054 sima
1425 2000 1558 2051 naturae
1575 2005 1710 2052 munera
1726 1985 1899 2054 reserenda.
1923 1985 1984 2053 Sed
1997 2007 2070 2052 non

556 2071 715 2150 e'usmodi
727 2070 896 2151 homines,
919 2090 995 2135 erun
1009 2068 1051 2136 acl
1061 2072 1210 2157 grauiora
1224 2066 1288 2135 stu·
1331 2074 1453 2160 semper
1474 2072 1520 2138 ita
1549 2070 1594 2138 est
1623 2090 1820 2159 comparata.
1887 2067 2071 2161 Saepiffime

557 2100 611 2235 dia
632 2164 668 2231 δε
689 2159 819 2247 negotia
843 2153 1018 2238 accedunt,
1042 2155 1132 2224 nullo
1161 2154 1288 2245 prorsus
1333 2164 1437 2239 enim,
1452 2162 1507 2244 qui
1524 2161 1575 2225 vel
1598 2164 1737 2226 maxime
1753 2162 1874 2248 ingenii
1898 2161 2071 2227 subtilitate

557 2246 696 2345 gaudere
719 2242 865 2320 iudicine
887 2264 964 2310 cum
980 2260 1090 2310 tamen
1110 2262 1221 2313 reuera
1247 2261 1288 2308 eo
1333 2245 1468 2336 praediti
1484 2247 1567 2325 sunt,
1582 2244 1681 2312 adres
1696 2251 1817 2329 inanes,
1835 2250 1975 2314 minutas
1989 2295 2000 2329 ,
2015 2244 2072 2313 fri-

558 2334 692 2431 ptaediti
707 2329 779 2415 sint,
791 2327 843 2399 sed
854 2327 1182 2417 percousuetudinem
1199 2330 1290 2398 &ni·
1334 2333 1425 2400 uolas
1441 2332 1671 2417 prolabuntur,
1694 2332 1915 2419 summamque
1931 2336 2071 2419 gloriam

558 2430 661 2497 miam
671 2420 886 2489 mirrutiamm
904 2417 1196 2498 constellationem,
1210 2412 1291 2482 illud
1336 2441 1374 2488 ex
1387 2440 1427 2485 eo
1443 2434 1584 2505 captant,
1608 2415 1725 2504 siquid
1743 2422 1777 2485 in
1798 2422 1836 2486 iis
1859 2421 1889 2485 se
1912 2417 2072 2499 detexisse,

558 2532 652 2585 eorru
676 2510 770 2577 erint.
811 2498 1077 2573 Diiudicarihinc
1092 2506 1191 2572 etiam
1203 2502 1291 2585 licet,
1360 2522 1461 2587 utant,
1477 2503 1568 2592 quod
1584 2506 1724 2571 abosum
1736 2506 1963 2593 perspicaciam
1974 2504 2070 2593 sugite

558 2531 689 2693 quidde
702 2590 895 2683 Jbbtilibut,
915 2612 999 2679 quae
1010 2609 1188 2671 vocantur,
1202 2593 1292 2677 inge·
1336 2530 1493 2680 imisque
1511 2595 1637 2658 ratione
1656 2613 1731 2659 cunr
1757 2597 1792 2657 in
1806 2596 1899 2660 rebus
1908 2587 2071 2680 theologi-

559 2692 637 2767 mis,
651 2685 821 2769 &magno
836 2682 986 2747 acumine
999 2674 1161 2765 praeditis,
1170 2674 1209 2744 sit
1217 2696 1289 2742 cen·
1336 2685 1381 2750 cis
1403 2678 1435 2747 se
1458 2697 1584 2769 gerant,
1605 2702 1675 2745 non
1720 2682 1827 2746 olium
1846 2702 1915 2747 non
1943 2677 2072 2767 ipsimet

558 2770 711 2851 sendum,
724 2788 804 2835 num
839 2786 893 2833 tae
908 2765 1035 2851 reliquis
1054 2762 1095 2832 ad
1110 2764 1294 2851 theologiae
1336 2770 1408 2857 plus
1422 2765 1531 2835 damni
1554 2765 1629 2834 inde
1651 2701 1775 2845 reddre,
1792 2790 1892 2854 quam
1906 2770 2079 2843 utilitatise.

561 2858 701 2932 studium
717 2870 792 2940 apta
804 2788 885 2921 sint?
907 2852 982 2935 Qra
997 2850 1288 2920 demut-mretri-
1334 2852 1611 2945 quemadmodum
1627 2855 1662 2921 &
1684 2849 1817 2920 vicillim
1837 2854 2070 2943 theologorum

560 2970 599 3018 ue
619 2943 868 3032 pronuntieture
891 2937 1153 3019 obseruandum,
1166 2936 1291 3020 fitbtili·
1333 2939 1442 3012 ordini
1451 2939 1586 3008 dedecus
1601 2945 1721 3028 potius,
1731 2964 1828 3028 quam
1841 2954 2069 3009 ornamentum

539 3056 543 3065 ·
558 3035 638 3104 tatis
651 3050 768 3098 vocem
782 3050 801 3095 a
815 3022 877 3093 filis
890 3027 1087 3093 tenuioribus
1096 3026 1218 3093 traxisse
1225 3027 1291 3090 ori·
1334 3027 1491 3097 adferunt.
1536 3030 1744 3095 Documento
1761 3030 1819 3094 else
1835 3032 1964 3115 possunt
1977 3026 2071 3097 scho-

559 3126 779 3214 ginem,quae
793 3118 829 3181 in
844 3113 906 3180 tela
921 3114 1003 3179 bene
1017 3130 1102 3181 texta
1116 3112 1291 3179 oculorum
1334 3113 1435 3183 lastici
1450 3113 1617 3196 doeiores,
1634 3137 1775 3203 quorum
1791 3117 1997 3183 subtilitatem
2012 3136 2071 3181 ne-

560 3212 663 3279 aciem
678 3200 894 3293 penefallunt.
918 3203 965 3266 lta
980 3220 1060 3267 rvr.
1073 3218 1186 3268 cars.
1199 3218 1290 3264 sca·
1334 3224 1391 3269 mo
1400 3224 1468 3267 non
1477 3205 1619 3283 miratur,
1636 3206 1772 3289 ineptias
1787 3225 1864 3270 vero
1887 3225 1983 3269 nemo
2000 3224 2072 3268 non

561 3310 706 3368 troam
720 3292 775 3376 qui
793 3290 838 3368 δι,
848 3308 926 3353 cum
939 3283 1114 3368 addidisset,
1129 3304 1291 3364 arveum,
1335 3287 1417 3357 ridet
1442 3292 1476 3357 bc
1488 3288 1667 3356 detestatur.
1735 3290 1841 3375 Atque
1864 3289 1982 3356 horum
1997 3290 2072 3354 sane

561 3402 633 3451 tum
655 3377 817 3455 orationi,
839 3390 911 3439 tum
932 3374 1062 3461 ingenio
1087 3374 1292 3442 subtilitatem
1335 3378 1485 3461 exemplo
1499 3392 1604 3463 patet,
1624 3375 1713 3463 quod
1731 3380 1764 3445 δε
1783 3380 2011 3456 rutioeuincit,
2036 3377 2072 3444 δε

561 3468 678 3541 tribuis
690 3483 763 3531 eam
777 3481 894 3548 porro,
909 3478 990 3545 quae
1005 3463 1039 3526 in
1056 3462 1292 3528 oratiouecon-
1335 3466 1530 3549 experientia
1557 3462 1670 3542 docet,
1694 3465 1712 3528 s
1709 3485 1852 3529 ummam
1865 3464 2073 3530 subtilitatem

561 3556 711 3645 spicitut,
726 3569 795 3615 non
816 3547 876 3616 else
898 3549 991 3612 unius
1005 3552 1148 3635 generisr
1171 3544 1211 3614 de
1226 3547 1292 3627 illa,
1336 3551 1428 3638 saepe
1450 3549 1608 3617 summam
1631 3550 1691 3617 esse
1709 3550 1892 3632 stultitiam,
1917 3554 2072 3617 subtilim-

585 3662 646 3711 uae
666 3635 823 3726 singulare
847 3630 980 3719 aliquod
1000 3656 1139 3701 acumen
1164 3631 1292 3721 prodit,
1337 3654 1488 3723 temque,
1519 3634 1577 3704 nifi
1601 3636 1790 3723 sapientiam
1817 3637 2071 3727 modestiamque

561 3664 643 3799 iusti
664 3728 705 3792 'ta
726 3728 812 3790 Haec
817 3719 988 3805 subtilitas,
1003 3723 1046 3786 ab
1058 3742 1107 3803 ea,
1122 3720 1296 3808 quaeint'n-
1336 3730 1491 3793 comitem
1499 3721 1624 3805 habeat,
1639 3728 1673 3791 in
1685 3723 1790 3792 studio
1807 3726 1993 3811 theologico
2006 3730 2073 3791 llae-

554 3812 718 3911 gmiofira
731 3809 782 3899 esi,
790 3808 1000 3897 ptofieffcitur,
1014 3807 1294 3893 caiusfatultattm
1337 3814 1408 3900 pius
1428 3815 1501 3900 plus
1523 3830 1657 3893 nocere,
1674 3830 1771 3899 quam
1783 3813 1937 3899 prodesse.

671 3919 807 4017 §vu
829 3916 900 3991 tnii
906 3911 986 3993 usus
1000 3914 1041 3991 iu
1055 3913 1253 4021 scripturae
1261 3913 1377 3995 sacrae
1384 3916 1690 4023 interpretatione
1706 3918 1768 4015 (ad
1781 3944 1891 4020 quam
1899 3940 2023 3994 tanen
2034 3915 2073 3994 ἃ

564 4018 744 4098 iudicium
757 3941 980 4094 veliacum
993 4014 1202 4111 concurrit)
1209 4012 1280 4091 sese
1288 4015 1462 4110 ostendit,
1470 4042 1556 4095 cum
1571 4038 1652 4120 apta
1666 4017 1704 4093 dt
1718 4041 1861 4107 rerum,
1877 4016 2075 4117 dequibus

564 4117 692 4221 agitur,
711 4111 1021 4221 &personarum
1046 4113 1113 4285 qui
1126 4113 1236 4190 verba
1244 4112 1398 4208 faciunt,
1414 4116 1453 4192 ἃ
1467 4112 1687 4208 adfeetuum,
1703 4116 1768 4217 qui
1782 4116 1827 4191 ad
1841 4116 2072 4216 loqucudum

563 4236 626 4294 aut
638 4212 870 4291 scribendum
882 4236 949 4289 eos
962 4211 1066 4316 impu
1079 4232 1200 4305 erunt,
1216 4211 1563 4291 circumstantiarum
1578 4212 1741 4325 denique
1749 4215 1917 4289 omnium
1927 4238 2075 4316 reprac-

563 4311 731 4405 sentatio,
748 4331 942 4413 utramque
955 4308 997 4386 in
1009 4335 1051 4386 ea
1067 4309 1173 4387 faciat
1188 4311 1365 4415 paginam.
1431 4312 1632 4388 Plurimum
1647 4334 1755 4387 etiam
1771 4312 1961 4414 ingenium
1981 4336 2076 4387 cou-

565 4408 650 4505 fett,
663 4409 710 4486 od
723 4407 835 4485 animi
849 4407 1026 4486 notiones
1039 4406 1249 4515 perspicue,
1267 4408 1452 4504 distinete,
1467 4409 1637 4486 ordinate
1685 4411 1918 4496 rofcrcudm3
1943 4409 2073 4513 ipsim-

564 4534 639 4615 que
653 4506 745 4587 adeo
760 4507 1029 4680 eloqperrtiam,
1044 4505 1325 4611 quacinfignem
1340 4508 1444 4595 ¹usum
1456 4510 1625 4614 praebet,
1654 4536 1712 4587 rue
1735 4509 1921 4587 sennones
1944 4508 1989 4585 ad
2003 4535 2076 4613 po-

563 4608 694 4715 pulum
707 4605 828 4716 haben
855 4602 880 4717 J,
896 4602 967 4683 siue
981 4631 1028 4683 ex
1044 4604 1282 4711 cathedraqlii
1301 4606 1515 4702 erudiendi,
1528 4606 1600 4687 siue
1617 4609 1680 4687 alia
1701 4608 1863 4689 doctoris
1878 4606 2077 4686 iuecclcsm

562 4702 1008 4817 munecaaduumstranda
1018 4703 1097 4785 fine
1121 4710 1137 4750 *

1995 4805 2075 4871 'lu
