5259 5967
627 706 682 777 or
702 704 999 780 moronus
1020 704 1223 781 errrore
1242 708 1425 801 rrvsovr
1447 711 1615 783 rnoorr
1639 712 1701 786 ic
1730 714 1994 790 vnewrnvs.
2037 701 2081 805 43

567 850 736 957 praeditis
754 854 969 929 communia
982 854 1077 947 litnt,
1091 856 1157 957 qui
1170 856 1214 933 ad
1228 856 1358 933 theolo
1384 860 1453 935 ium
1470 861 1621 951 accedit,
1645 862 1827 967 particeps
1849 865 1918 941 ene
1940 866 2076 941 merito

566 949 734 1027 creditur.
761 958 779 994 ⁸
807 952 991 1054 inquibus
1004 954 1224 1053 augendis&
1239 885 1499 1060 arnplidcandis
1508 959 1598 1034 dum
1612 960 1983 1038 industrinnornnern
2003 965 2075 1040 stu-

563 1047 740 1151 diumque
753 1050 922 1133 collocat,
937 1051 1058 1153 aptior
1071 1050 1159 1128 inde
1174 1052 1292 1129 indies
1309 1056 1491 1147 redditur,
1507 1056 1551 1131 nd
1566 1058 1684 1133 media
1706 1086 1747 1134 eo
1768 1060 1836 1134 rite
1850 1058 2074 1162 ¹rsurpantlr,

563 1146 695 1251 quibus
709 1146 826 1223 finem
839 1146 947 1223 studii
961 1147 1164 1253 theologici
1180 1148 1359 1255 consequi
1373 1155 1466 1231 licet.
1493 1161 1508 1194 *

645 1274 662 1309 *
682 1269 784 1339 Rede
800 1271 836 1339 &
859 1270 1018 1357 praeclare
1037 1292 1113 1338 evo.
1130 1293 1240 1341 eriles
1254 1294 1300 1340 ov
1344 1274 1433 1364 quod
1442 1270 2072 1367 nondumexsrstit,dicerenequeo,quod

558 1355 958 1445 im,quonuisecc1efiae
976 1379 1130 1427 romanae
1143 1358 1298 1437 sacrisad·
1343 1366 1475 1446 crescat,
1497 1382 1554 1430 aur
1562 1380 1730 1451 augeatur,
1754 1366 1804 1430 vel
1813 1370 1969 1446 omnino,
1983 1366 2072 1452 quod

558 1444 677 1527 distus,
687 1448 807 1531 prima,
821 1446 944 1530 inquit,
958 1446 1215 1532 regaliumin
1227 1447 1298 1512 edu·
1342 1453 1586 1537 crescerentque
1601 1454 1707 1535 augeri
1719 1472 1826 1538 quent.
1888 1454 1968 1538 Ipsa,
1982 1476 2071 1539 prae-

559 1537 682 1599 catione
689 1554 870 1619 puerorum,
874 1531 977 1618 fludio
990 1530 1155 1621 theologico
1167 1532 1297 1620 destina·
1341 1559 1426 1606 terea
1451 1558 1565 1605 natura
1591 1535 1777 1624 indolesque
1808 1536 1990 1625 theologiae
2007 1540 2071 1608 hoc

558 1638 676 1703 torum,
683 1618 958 1705 prassribereſsbi
969 1618 1088 1701 delent,
1103 1619 1180 1687 baec
1193 1620 1243 1708 cst,
1264 1634 1297 1687 rt
1339 1628 1479 1711 requirit.
1552 1624 1701 1690 Versatur
1719 1647 1859 1709 namque
1883 1630 1965 1692 circa
1983 1639 2019 1687 τὶ
2037 1636 2073 1689 η·

551 1712 685 1797 periore
699 1716 805 1771 eorum
818 1706 863 1771 ad
875 1706 990 1769 bonum
1003 1706 1212 1788 emolliantur,
1230 1730 1296 1774 mo·
1338 1724 1488 1781 maium&
1501 1717 1536 1773 n?
1547 1715 1602 1771 913.
1637 1713 1773 1792 uaestmr
1784 1714 1916 1795 spiritus
1930 1716 2007 1791 Dei,
2032 1712 2071 1780 de

554 1820 608 1861 res
611 1798 795 1880 firmentur
809 1794 850 1863 ὅ
858 1793 1065 1873 mentientur,
1079 1795 1207 1879 verique
1214 1794 1295 1861 chri·
1339 1793 1454 1878 quibus
1465 1793 1579 1860 Paulus
1587 1731 1716 1874 adserit,
1740 1798 1827 1883 quod
1841 1799 1943 1867 homo
1956 1809 2072 1870 evron.

547 1884 653 1973 stiani
666 1880 853 1969 efficiantur,
865 1878 923 1946 boc
934 1876 1231 1966 estsimdamrnrrm,
1247 1884 1297 1945 cui
1339 1880 1513 1962 animalis,
1558 1883 1644 1950 uales
1661 1905 1773 1951 omnes
1792 1886 1890 1963 sunt,
1914 1888 1970 1972 qui
1988 1882 2069 1953 chri-

552 1971 762 2057 theologicam
774 1966 1218 2054 aedificiumstiperlirrendrrm
1237 1968 1295 2055 est,
1340 1964 1430 2033 stiani
1447 1990 1515 2033 non
1535 1902 1635 2049 dunt,
1656 1975 1864 2055 quantumuis
1883 1974 2014 2059 ingenio
2035 1974 2070 2039 dc

553 2063 608 2125 ira
621 2076 734 2141 nempe
748 2052 870 2142 institui
889 2054 1020 2136 debent,
1048 2072 1081 2118 vr
1102 2056 1197 2119 bonor
1206 2059 1296 2139 prius
1340 2052 1482 2120 humana
1511 2053 1693 2122 eruditione
1711 2055 1918 2142 praestantes,
1944 2081 1981 2124 eu
2000 2079 2069 2123 non

552 2146 751 2231 christianos,
765 2160 860 2227 quam
873 2140 1025 2227 theologos
1029 2143 1091 2223 fist
1107 2138 1292 2219 exhibeant,
1337 2143 1474 2222 recipiar,
1484 2145 1598 2222 immo,
1606 2142 1694 2227 quod
1697 2144 1836 2229 stultitia
1846 2147 1874 2207 ei
1895 2163 1952 2225 mr,
1962 2146 2000 2215 (ἔ
2006 2165 2068 2209 non

560 2237 600 2301 in
610 2228 750 2297 methodo
754 2227 856 2316 studii
869 2226 960 2293 theol.
975 2232 1055 2295 rriie
1067 2226 1254 2314 instituendi,
1270 2250 1294 2291 c.
1333 2227 1418 2315 poffir
1428 2249 1463 2291 ea
1472 2233 1657 2313 cognoscere,
1670 2228 1846 2317 ecquidem
1860 2235 2068 2316 rationeque

562 2324 604 2389 V.
606 2338 684 2405 pqr.
691 2310 754 2385 Sed
762 2336 800 2382 ex
809 2309 997 2380 nostratibus
1010 2312 1237 2400 potiusaudire
1244 2319 1293 2381 iu·
1338 2314 1488 2401 cognosci
1502 2314 1674 2399 debebant,
1693 2339 1722 2384 2.
1742 2322 1811 2385 cor.
1825 2324 1868 2397 11,
1886 2339 1932 2401 14.
1976 2320 2068 2385 Veri-

556 2425 768 2475 uatuvcvsr.
784 2423 912 2469 nexu.
928 2424 1191 2483 iunucurvu,
1208 2404 1293 2489 opti·
1339 2406 1411 2469 ratis
1429 2423 1527 2486 porro
1549 2407 1693 2489 cognitio
1713 2409 1749 2471 in
1769 2404 1932 2493 theologia
1948 2425 2067 2473 utrant-

552 2516 651 2563 mum
688 2484 953 2576 eritillunumque
969 2491 1004 2553 in
1020 2487 1102 2557 hisee
1110 2487 1294 2577 magistrum
1337 2512 1400 2576 que
1414 2488 1488 2554 facit
1501 2492 1736 2574 paginam,eius
1755 2491 1990 2577 scilieet,quam
2004 2493 2068 2557 De-

555 2586 592 2652 &
607 2514 790 2649 dogorem.
834 2576 885 2642 De
896 2574 1113 2725 cbrlrflianismo
1130 2581 1217 2644 enim
1228 2576 1294 2663 stu·
1339 2599 1374 2643 us
1397 2580 1430 2640 in
1448 2575 1601 2663 scriptura
1625 2577 1709 2644 sacra
1734 2579 1903 2660 reuelauir,
1922 2580 1973 2659 ὃς,
1989 2596 2070 2662 quae

553 2668 638 2753 rlioji
649 2665 820 2751 theologiae
839 2664 935 2729 verba
958 2666 1073 2741 aciens,
1083 2665 1232 2747 primum,
1246 2666 1295 2728 in·
1338 2668 1405 2729 vim
1419 2684 1554 2727 omnem
1568 2661 1727 2731 humanae
1736 2668 1868 2729 rationis
1877 2666 1985 2730 multis
1997 2686 2068 2727 nro-

559 2758 648 2843 quit,
667 2752 722 2817 hor
738 2756 777 2823 ὅ
786 2751 987 2836 praecipuum
1002 2752 1034 2814 in
1037 2750 1169 2835 strrdiosti
1181 2749 1297 2816 theolo-
1339 2749 1387 2815 dis
1402 2749 1542 2835 superat,
1559 2772 1682 2835 quaeue
1705 2751 1811 2817 multo
1831 2748 1936 2817 adhue
1962 2754 2070 2816 minus

554 2847 636 2931 gine
648 2842 825 2919 requiritur,
839 2852 872 2902 rt
884 2840 1009 2900 animus
1023 2836 1136 2921 eiusfir
1146 2842 1248 2904 relius
1263 2838 1296 2899 in
1340 2839 1379 2901 ab
1395 2834 1527 2901 homine
1541 2835 1613 2901 solis
1627 2856 1758 2903 naturae
1775 2838 1894 2904 viribus
1903 2834 2068 2915 instrudlo,

555 2930 717 3013 conspetu
729 2929 799 2991 Dei.
864 2923 940 2989 Hoc
959 2944 1059 3007 porro
1080 2926 1125 2989 ito
1143 2926 1296 3008 explicat:
1339 2920 1380 2989 ad
1392 2923 1483 2987 vsum
1498 2922 1655 2991 transferri
1669 2923 1785 3009 potest.
1827 2926 2071 3010 Arspirirumre·

556 3024 698 3101 Curaque
716 3014 852 3079 nondum
871 3012 981 3075 anima
1000 3012 1143 3095 cuiusque
1162 3012 1196 3074 in
1218 3008 1298 3092 costr
1340 3011 1446 3074 ritaris
1459 3010 1593 3074 mundus
1611 3008 1706 3096 (adeo
1731 3032 1771 3077 ue
1790 3032 1919 3098 omnes,
1940 3014 1994 3097 qui
2015 3008 2070 3075 ad·

544 3105 653 3195 flatu,
672 3116 707 3165 vr
718 3100 781 3165 alre
792 3096 972 3182 iamfodrffe
983 3097 1044 3161 dici
1057 3114 1160 3179 queat,
1175 3098 1298 3179 &frn-
1341 3097 1404 3164 huc
1424 3093 1548 3161 mundo
1567 3096 1639 3163 sunt
1661 3032 1797 3177 auderi,
1813 3102 1910 3182 quiue
1929 3100 2070 3182 regeniti,

555 3189 809 3272 damentasrpra
825 3182 1106 3270 perrrmstatriffi'3
1125 3182 1298 3249 hortamen
1340 3184 1447 3249 veriue
1462 3179 1618 3248 christiani
1634 3205 1704 3249 non
1721 3185 1803 3263 sunt,
1817 3188 1893 3249 1.10.
1905 3188 1950 3264 11,
1965 3184 2069 3263 ιμὶ.)

555 3281 600 3347 ab
615 3294 796 3361 rnequoque
809 3272 993 3355 requiritur,
1018 3286 1050 3335 rt
1069 3292 1174 3335 eorum
1187 3272 1220 3333 ir
1240 3290 1298 3333 nu-
1340 3271 1474 3355 accipere
1486 3271 1603 3353 nequit,
1616 3273 1725 3355 quippe
1736 3292 1825 3357 quem
1837 3290 1891 3336 nec
1904 3270 1986 3335 ridet
1993 3313 2005 3349 ,
2018 3288 2072 3333 nec

555 3386 641 3433 mero
659 3359 794 3445 verrstr,
815 3360 870 3443 qui
888 3364 986 3421 Deum
999 3360 1079 3422 reiio
1093 3356 1297 3443 arfinceroa-
1340 3357 1497 3441 cognoscit,
1512 3356 1700 3423 sententiam
1717 3354 2072 3443 hanecepronuntlante

558 3458 641 3519 nimo
656 3464 824 3534 quaerunt,
839 3445 878 3514 εἴ
889 3446 922 3508 in
938 3442 1054 3528 Christo
1070 3444 1134 3507 alre
1148 3444 1296 3521 radicari,
1340 3444 1476 3529 ipsomet
1495 3442 1668 3523 seruatore,
1685 3448 1729 3511 Io.
1743 3448 1828 3525 XIV,
1848 3466 1888 3528 17.
1955 3446 1986 3510 Si
2000 3444 2070 3529 quis

545 3538 720 3627 superstrui
738 3552 834 3617 fitque
853 3532 1031 3617 confirmari
1041 3575 1054 3610 ,
1081 3532 1168 3613 firit
1186 3530 1297 3593 mentis
1340 3530 1528 3605 vamtatem
1541 3531 1603 3592 Dei
1611 3533 1837 3613 patrisfaciar,
1851 3527 2070 3603 eumdernur'u

555 3618 898 3707 contentionestudrnt5
911 3621 947 3683 in
964 3615 1168 3703 ideastudiofi
1183 3615 1297 3683 theolo-
1341 3618 1565 3701 cogniturum,
1583 3636 1694 3680 numa
1714 3618 1785 3683 Deo
1809 3615 1887 3697 surr,
1908 3638 1989 3703 quae
2010 3612 2069 3681 do·

576 3716 639 3793 iae,
650 3731 684 3796 p.
686 3729 732 3793 51.
735 3718 792 3791 3ιρ
810 3706 917 3789 Atque
930 3708 974 3771 ira
988 3702 1189 3789 prosedlores
1201 3703 1231 3769 se
1240 3702 1297 3769 ha·
1340 3705 1465 3781 cuerit,
1488 3704 1605 3767 iterum
1629 3700 1770 3769 seruator
1794 3706 1937 3788 oprimus
1960 3699 2071 3767 diserte

548 3736 629 3866 int.
672 3799 705 3862 Si
719 3788 907 3863 christianus
922 3788 1071 3856 nondum
1085 3787 1141 3871 srt,
1162 3788 1227 3855 hoc
1243 3784 1296 3865 est,
1341 3784 1519 3876 profitetur,
1533 3792 1665 3869 10.r11,
1681 3811 1723 3873 17.
1734 3791 1785 3856 De
1798 3810 1839 3855 eo
1853 3804 1983 3886 autem,
2001 3789 2068 3883 ’qui

562 3906 604 3953 ea
624 3886 739 3949 mentis
760 3875 872 3947 indole
891 3874 1068 3964 praeditus,
1108 3899 1166 3942 uae
1184 3896 1296 3940 verum
1340 3871 1490 3943 nondum
1502 3873 1704 3955 christianus,
1719 3872 1865 3959 adeoque
1878 3895 1937 3940 nee
1950 3873 2069 3938 viribus

563 3966 771 4039 christianum
786 3962 992 4044 demordirat,
999 3982 1055 4031 aur
1070 3898 1104 4030 id
1114 3962 1169 4029 sibi
1184 3960 1297 4028 dutum
1378 3964 1459 4028 ariae
1473 3958 1643 4028 inllrueius
1656 3960 1709 4041 est,
1728 3958 1827 4027 adseri
1844 3963 1963 4045 nequit,
1980 3954 2070 4044 quod

562 4076 644 4127 non
656 4050 762 4127 credit,
776 4074 810 4119 vr
826 4052 897 4119 ralis
911 4048 985 4127 liare
998 4051 1103 4116 nullos
1114 4052 1254 4115 omnino
1263 4051 1297 4114 in
1354 4051 1420 4114 erio
1434 4049 1636 4114 voluntatem
1649 4051 1710 4114 Dei
1725 4047 1851 4133 adsequi
1860 4048 1949 4126 velit,
1962 4045 2069 4113 multo

559 4142 734 4295 themoii
752 4139 804 4207 fibi
824 4142 1010 4225 promittere
1031 4133 1135 4225 potest
1156 4135 1297 4222 progres-
1341 4138 1461 4213 minus,
1474 4131 1562 4222 quod
1581 4132 1779 4223 adsequatur.
1850 4134 1936 4199 Hinc
1950 4155 2009 4203 nec
2029 4128 2069 4197 od

556 4234 624 4301 sus.
724 4226 866 4315 eulogiae
887 4227 975 4293 enim
995 4221 1135 4291 studium
1155 4245 1232 4289 cunt
1254 4222 1296 4288 ad
1341 4224 1509 4289 veritatem
1529 4243 1659 4301 eorum,
1683 4244 1766 4307 quae
1786 4218 1929 4287 Christus
1948 4217 2069 4299 docuit,

558 4322 800 4389 incrementum
824 4314 1016 4399 cognitionis
1034 4310 1221 4395 spiritualis,
1242 4308 1295 4374 seu
1341 4310 1376 4377 dc
1389 4307 1643 4395 perscripturum
1657 4304 1755 4377 hodie
1771 4305 1874 4375 adhue
1889 4305 2070 4392 docet,per-

556 4399 1015 4485 illuminationis,sapientiae,
1023 4399 1224 4486 aliorumque
1235 4394 1294 4463 do·
1340 4393 1533 4483 cipiendam,
1552 4394 1709 4483 aptusest.
1775 4391 1928 4462 Proficere
1943 4392 2079 4471 theolo-¹

556 4512 682 4564 norum
708 4486 929 4575 spiritualiumf
942 4504 1166 4571 comparatum
1192 4481 1246 4556 srtr
1269 4486 1295 4549 i·
1339 4487 1409 4570 giae
1422 4484 1528 4548 cultor
1539 4502 1609 4549 non
1623 4502 1752 4549 tanturn
1764 4486 1799 4549 in
1810 4486 1848 4549 iis
1863 4479 1968 4561 debet,
1989 4501 2070 4567 quae

554 4580 654 4671 psum
662 4580 728 4643 iarn
737 4576 944 4662 principium,
959 4568 1124 4649 seuradix,
1139 4592 1223 4657 quae
1237 4566 1297 4637 llo·
1342 4569 1541 4636 intelledlum
1562 4566 1741 4649 instruunt,
1770 4572 1949 4655 maiorique
1967 4564 2070 4633 indies

550 4666 784 4747 rememittat,
801 4656 1022 4733 adessedrbet.
1065 4661 1115 4733 De
1128 4660 1297 4749 eoquippe
1340 4650 2073 4809 Ιυεεῃέεώωόωςΐώὶηϋεεωᾳιιειὲωαὲ
2182 4703 2184 4707 -
