5259 5967
753 728 819 803 rot
1038 714 1177 783 iiiii
1197 709 1544 781 rosrrmorus
1567 706 1738 779 cnrvr
1766 706 2021 799 erurvu

758 864 975 949 clamsparfiee,
985 858 1431 949 paffefurtaffitetiarnabsque
1438 877 1495 946 pa·
1529 862 1639 948 scupus
1650 884 1664 940 ‚-
1686 859 1800 947 uamfi
1809 860 1990 944 idsaceret‚
2013 858 2103 921 irleru
2115 856 2199 945 effe,
2213 858 2273 945 arf

755 972 801 1039 pa
808 952 979 1040 gubernari
986 949 1176 1035 gallicanam
1190 949 1352 1031 recubam,
1364 951 1426 1033 sub
1435 966 1494 1033 pa·
1540 950 1644 1035 lupum
1655 948 1788 1013 mittem
1803 949 1838 1012 iri
1851 946 1950 1025 uuilee
1973 946 1994 1011 l.
2008 964 2035 1011 e.
2060 948 2137 1011 Nec
2151 952 2219 1013 voti
2232 946 2271 1015 sui

761 1036 903 1105 eriarebu
921 1038 1054 1121 scilicet,
1070 1040 1207 1119 seruatis
1231 1038 1344 1102 ritibus
1358 1036 1496 1125 pristinis
1540 1054 1691 1105 native
1713 1056 1763 1101 na
1787 1052 1935 1101 uraca
1966 1052 2111 1121 compos
2132 1028 2204 1101 fieri
2221 1056 2270 1123 pe»

754 1126 951 1215 pascendam
970 1126 1060 1189 malo
1074 1124 1201 1209 quaefiri
1209 1124 1341 1212 studiose
1364 1128 1424 1191 uiri
1445 1124 1496 1189 du-
1541 1126 1613 1204 tuit,
1625 1120 1728 1190 donec
1737 1122 1915 1189 barcinone
1928 1141 2021 1187 anno
2035 1126 2124 1207 1646
2139 1122 2269 1189 libellum

763 1216 808 1281 lli
814 1258 826 1293 ,
846 1214 949 1299 quide
968 1212 1164 1278 libertatibus
1181 1211 1314 1297 ecclesiae
1326 1210 1497 1299 gallicanae
1540 1208 1695 1288 edidisset,
1710 1228 1767 1294 quo
1780 1210 1923 1273 editionis
1937 1208 2096 1272 librorum
2109 1210 2148 1275 de
2160 1230 2269 1275 emer·

755 1301 943 1385 seriberent‚
956 1300 1072 1385 absque
1084 1318 1187 1379 metu,
1202 1298 1322 1385 etiamfi
1332 1300 1498 1387 aegerrime
1540 1300 1593 1365 elia
1604 1298 1768 1383 fircerelutii
1780 1299 1817 1367 ὅ
1829 1298 1953 1379 imperii
1965 1296 2128 1379 confilium
2141 1299 2271 1381 exponit,

764 1388 905 1453 laturum
910 1389 1108 1473 scriptionem
1122 1387 1217 1452 talem
1231 1392 1405 1451 Romanum
1420 1404 1497 1471 pon·
1540 1403 1616 1471 aput
1628 1382 1893 1471 appiolicuesedis
1907 1385 2055 1467 censurae
2065 1384 2272 1463 libaima&

764 1474 976 1563 tilemfueile
984 1475 1198 1559 praeuidebut.
1221 1474 1498 1558 Namalielipsum
1542 1494 1625 1558 reges
1637 1492 1790 1536 cauauurre
1807 1470 1955 1555 custodes,
1976 1490 2045 1533 nun
2059 1492 2131 1535 reru
2146 1476 2271 1537 uulluru

756 1563 928 1648 susceperat
935 1560 992 1648 ista
999 1563 1116 1641 omnia,
1129 1560 1225 1624 multo
1239 1580 1308 1624 cum
1320 1560 1433 1649 astu&
1443 1561 1501 1624 ad·
1543 1562 1594 1647 sse
1605 1559 1699 1623 elucet.
1751 1559 1801 1624 lta
1814 1559 1901 1624 enim
1914 1557 2046 1625 libellus
2062 1556 2121 1627 iste
2140 1558 2272 1625 inscribi·

670 1728 673 1733 ¹
761 1664 882 1735 paratu
895 1648 1079 1727 cardinalis,
1100 1664 1133 1713 rt
1146 1652 1320 1711 Romanam
1337 1649 1499 1725 duritiem,
1545 1663 1606 1725 tur,
1621 1644 1698 1713 reste
1715 1664 1908 1724 univero,
1929 1644 1987 1709 l.c.
2035 1646 2149 1731 Atque
2157 1649 2199 1712 ita
2212 1666 2272 1711 ran·

767 1756 863 1821 quam
876 1754 955 1817 prae
959 1737 995 1819 Ji
1004 1753 1091 1819 papa
1105 1734 1282 1817 ssiepiuseule
1290 1736 1438 1817 strabae,
1450 1734 1501 1799 vl·
1544 1730 1618 1801 dem
1632 1731 1851 1819 episcopatum
1860 1729 1956 1799 istum
1969 1733 2140 1810 obtinuire
2162 1750 2271 1801 nonta-

768 1823 945 1904 ciseererur3
961 1820 1214 1907 haudquaquam
1233 1824 1336 1905 (quel
1345 1821 1501 1907 aliquibus
1545 1840 1622 1887 men
1640 1820 1736 1906 plane
1758 1816 2036 1904 adquiescentibus
2057 1842 2212 1887 romanae
2227 1840 2272 1887 eu·

767 1910 800 1975 ui
812 1930 864 1970 unt
871 1923 996 1991 praeter
1009 1906 1147 2059 '‘md‘b)
1167 1906 1244 1991 acfi
1253 1908 1285 1970 iu
1301 1912 1442 1973 animum
1454 1908 1502 1971 irt-
1544 1910 1609 1974 riae
1622 1903 1767 1985 addictis,
1783 1910 1932 1992 variaque
1944 1908 2160 1988 tentantibus,
2173 1926 2206 1974 vt
2218 1908 2272 1995 pti·

767 1994 896 2081 tluxiffivt
909 2014 1065 2079 nmquam,
1098 1996 1501 2085 essererefiecrafideillama·
1544 2014 1636 2061 orem
1651 1992 1746 2079 plane
1758 1992 1934 2060 renatlalse
1947 1992 2148 2063 sententiam
2166 1992 2272 2062 videre·

769 2101 849 2158 παις
873 2085 907 2147 in
921 2081 1116 2147 inclementia
1133 2080 1295 2147 Clernerttit
1309 2084 1501 2162 examinata,
1544 2100 1607 2147 tur.
1651 2082 1693 2146 Et
1706 2079 1779 2147 licet
1794 2098 1949 2147 arrivs
1964 2101 2015 2147 nu
2029 2104 2061 2149 m
2071 2104 2093 2151 a
2103 2102 2195 2163 xci,
2206 2102 2272 2151 cum

768 2168 904 2255 differtur
920 2172 946 2233 1.
960 2188 1027 2253 cap.
1036 2172 1077 2235 ll.
1088 2178 1123 2251 ς.
1133 2172 1175 2232 ll.
1183 2186 1218 2254 p.
1225 2188 1275 2251 30.
1318 2169 1501 2252 Quantum·
1544 2163 1762 2236 controuersia
1774 2164 1813 2233 de
1823 2164 1945 2253 duplici
1954 2168 2107 2238 ecclesiae
2120 2170 2274 2259 capitel’e·

772 2260 822 2323 uis
842 2272 949 2324 autem
972 2275 1126 2323 ternus
1149 2276 1199 2320 nt
1223 2273 1367 2321 uraca
1387 2274 1502 2340 magna
1545 2273 1598 2322 tro
1613 2254 1759 2323 &Paulo
1775 2270 1882 2320 exorta
1897 2252 1992 2339 effer,
2012 2257 2094 2324 iuffu
2110 2240 2272 2344 pontilicis,

769 2344 921 2410 cautione
935 2341 1006 2409 vsus
1019 2340 1111 2425 esset,
1132 2360 1174 2408 ne
1194 2361 1365 2407 romanam
1380 2344 1502 2406 curiam
1546 2344 1602 2429 qui
1615 2336 1714 2408 fidem
1729 2342 1796 2407 eius
1812 2342 1979 2426 explorare
1993 2346 2135 2425 volebat,
2147 2344 2275 2412 disserta·

771 2429 903 2497 irritasse
917 2426 1078 2497 videretur
1094 2453 1105 2504 t
1135 2428 1236 2494 multa
1260 2427 1336 2494 hinc
1350 2430 1448 2495 etiam
1462 2424 1502 2492 ad
1547 2434 1672 2493 rionem
1685 2428 1722 2491 tle
1722 2426 1875 2513 singulari
1883 2430 2032 2513 primatu
2039 2434 2128 2497 Petri
2138 2454 2190 2499 an.
2200 2438 2276 2513 1⁶47

771 2512 965 2603 pontificum
978 2516 1203 2587 aulloritatem
1224 2511 1442 2581 stabiliendam
1456 2516 1502 2579 in·
1546 2512 1715 2601 scripsisset,
1730 2514 1855 2599 aliaque
1868 2512 1912 2583 ad
1926 2518 2121 2605 captandam
2129 2540 2278 2587 romanae

770 2602 927 2678 struilset3
948 2599 1332 2688 indignationem-tamen
1350 2603 1416 2666 eius
1436 2602 1502 2665 eui·
1546 2602 1926 2669 curiaebeneuolentiam
1938 2606 2061 2695 :gisleri
2083 2624 2277 2675 nontamen

773 2706 841 2755 tare
854 2708 923 2755 non
937 2692 1053 2773 potuit.
1110 2684 1242 2773 orientii
1255 2702 1377 2763 tamen,
1397 2688 1503 2773 inquit
1546 2686 1586 2757 ad
1601 2689 1716 2768 labem,
1731 2708 1829 2839 purim
1845 2688 1943 2759 semel
1952 2710 2159 2773 mutauerat,
2169 2693 2279 2761 eluen-

774 2794 842 2841 stu
853 2794 913 2841 ru.
930 2790 1143 2854 rainerus,
1159 2772 1249 2857 (quis
1262 2774 1440 2855 crederetl)
1454 2771 1505 2839 bic
1548 2772 1642 2853 darn,
1663 2773 1727 2841 hoc
1758 2768 1883 2843 ufficete
1899 2774 2080 2847 videbatur.
2122 2778 2278 2867 legenda,

775 2860 852 2927 liber
864 2860 1136 2949 rumunairtgeniu,
1144 2857 1260 2927 nullam
1270 2859 1369 2927 alium
1377 2861 1415 2925 ab
1425 2860 1506 2945 caus·
1548 2864 1630 2948 qua'e
1654 2881 1795 2928 statu.
1821 2882 2022 2932 inavarus
2046 2886 2154 2935 narrat
2175 2868 2195 2935 l.
2209 2888 2233 2935 r.
2248 2880 2278 2949 ς.

769 2948 858 3032 sam,
872 2964 907 3014 ut
920 2951 1035 3013 Marta
1047 2947 1260 3034 existimabat,
1273 2968 1368 3037 quam
1380 2946 1462 3032 quod
1473 2948 1506 3011 in
1549 2952 1582 3015 tt
1582 2952 1618 3015 V.
1632 2951 1717 3013 XVI.
1726 2966 1761 3033 p.
1776 2968 1815 3029 15.
1828 2955 1868 3015 tl.
1881 2952 1921 3021 cl
1937 2960 1970 3035 ς.
1986 2956 2089 3020 ms.
2096 2956 2179 3041 seqq.
2190 2973 2221 3040 p.
2233 2976 2277 3039 24.

767 3038 879 3120 fronte
892 3037 992 3120 operis
1003 3036 1197 3114 admoneret,
1218 3034 1286 3103 heic
1298 3036 1352 3124 agi
1368 3034 1404 3099 tle
1415 3034 1506 3098 liber·
1538 3036 1625 3122 seqp.
1669 3034 1759 3101 Haec
1772 3056 1850 3101 vero
1863 3042 1979 3107 omnia
1992 3044 2052 3128 qui
2069 3046 2178 3128 paullo
2190 3040 2277 3108 adcu-

775 3120 1219 3208 ratibuseeeleſsaegallieanue.
1266 3120 1508 3187 VndeRomanis
1549 3124 1647 3190 rarius
1668 3118 1931 3203 considerarent,
1953 3128 2136 3217 intelliget,
2154 3148 2276 3195 eurio

778 3214 926 3293 (purarum
948 3228 1040 3271 auree
1059 3208 1263 3270 teneritudine
1284 3208 1421 3289 quadam
1434 3205 1507 3290 plus
1549 3230 1598 3277 na
1623 3227 1767 3275 Manca
1777 3254 1789 3291 ,
1812 3212 1884 3277 viro
1898 3230 2004 3281 cetera
2026 3211 2221 3295 doliiffimm
2244 3218 2284 3284 δι’

777 3294 963 3371 trabuntur)
984 3308 1142 3379 promtum
1149 3295 1222 3373 fuit
1230 3290 1292 3376 fibi
1309 3294 1506 3378 persuadere,
1548 3292 1723 3365 candorem
1745 3297 1780 3363 ὅ(
1798 3295 2013 3367 constantiam
2035 3306 2074 3369 in
2095 3305 2274 3371 libertate&

779 3379 864 3443 illum
880 3377 1018 3443 libertati
1037 3376 1241 3465 etcltfiustitue
1259 3381 1432 3461 adreersuri,
1453 3380 1507 3463 qui
1549 3384 1636 3467 regni
1660 3383 1693 3448 ὃ(
1714 3380 1859 3449 ecclesiae
1905 3387 2066 3455 illicinae
2095 3388 2275 3459 defendenda

777 3467 814 3528 ele
827 3464 1020 3529 libertatibus
1034 3464 1164 3549 reclusae
1169 3463 1342 3552 gallicanae
1352 3470 1372 3548 (
1368 3465 1448 3550 prob
1456 3483 1508 3528 ue·
1549 3466 1677 3535 debuisse
1691 3492 1701 3544 ς
1724 3467 1813 3554 quod
1830 3472 1863 3537 lit
1879 3404 1917 3539 be
1931 3475 2113 3563 plerisque,
2133 3484 2188 3565 qui
2200 3500 2273 3547 eam.

768 3551 849 3635 fus!
851 3551 869 3627 )
881 3551 991 3635 agebat
1003 3572 1042 3615 ex
1054 3552 1205 3640 profiffu5
1230 3552 1250 3618 l.
1261 3574 1286 3616 e.
1304 3570 1338 3636 p.
1352 3572 1392 3615 ιι.
1442 3553 1505 3616 lm·
1550 3552 1624 3621 dem
1645 3556 1780 3621 caussam
1805 3578 1953 3643 egerunt,
1978 3561 2021 3628 est
2040 3564 2275 3633 obseruandum.

777 3660 853 3714 mo,
869 3658 943 3701 cum
956 3636 1105 3723 deinceps
1125 3660 1270 3707 arrivs
1291 3660 1340 3705 nu
1361 3657 1416 3705 ua
1426 3658 1446 3704 n
1456 3658 1505 3703 cu
1549 3640 1657 3726 lpsum
1671 3641 1750 3709 illud
1763 3646 1892 3709 interim
1906 3648 1941 3712 ele
1955 3652 2279 3733 eoncordrasucerdotii

776 3722 882 3810 episco
906 3747 943 3791 us
965 3723 1245 3793 Consoranensrsa
1265 3744 1335 3811 rege
1355 3727 1506 3789 nomina·
1551 3731 1590 3798 θ’
1601 3728 1719 3811 imperii
1730 3752 1830 3815 opus,
1853 3752 1888 3796 vt
1911 3736 2086 3821 multiplici
2102 3736 2277 3805 eruditione

776 3830 827 3877 tus
848 3832 864 3875 e
892 3830 946 3885 et3
974 3812 1129 3896 plurimae
1150 3813 1194 3879 illi
1216 3814 1340 3879 Romae
1362 3810 1507 3877 obiellae
1550 3812 1722 3894 refertum,
1738 3820 1781 3881 ita
1797 3818 1880 3884 lellu
1896 3819 2052 3906 dignum,
2068 3822 2278 3911 praesertimsi

777 3898 849 3965 sunt
862 3894 1066 3963 difficultates
1080 3946 1089 3974 ,
1111 3900 1154 3963 ob
1169 3896 1248 3964 illud
1263 3898 1366 3985 ipsum
1387 3898 1423 3960 ele
1437 3917 1503 3960 tort·
1550 3902 1620 3987 quis
1634 3903 1718 3969 telle
1728 3925 1746 3969 a
1758 3926 1924 3989 perperam
1935 3906 2026 3975 diuis
2041 3910 2216 3979 discernere
2229 3935 2276 3978 va-

778 3986 1052 4068 eortliuflutrelutii
1066 3988 1104 4055 ὅ
1117 3988 1238 4072 imperii
1248 4007 1349 4083 rpus,
1365 4006 1430 4071 quo
1446 3986 1504 4048 mi·
1551 3988 1622 4053 leat.
1666 3990 1769 4055 Prima
1785 3996 1819 4056 in
1831 3992 2007 4061 Germania
2024 3996 2137 4079 editio,
2146 4000 2216 4087 post
2225 4020 2278 4066 ter.

778 4095 838 4138 nus
854 4069 1139 4138 confirmationem
1159 4076 1320 4157 pontilicis
1338 4077 1508 4156 impetrare
1549 4078 1628 4140 tiam
1644 4079 1831 4160 gallicanam
1845 4079 1966 4164 prodiit
1984 4083 2110 4171 Lipsiae
2128 4088 2277 4171 ryoslol.

778 4160 889 4245 posset.
939 4159 1012 4225 fuse
1033 4156 1088 4225 illa
1104 4162 1216 4225 omnia
1236 4176 1360 4226 enarrat
1384 4180 1507 4224 uuiv-
1637 4164 1759 4230 Maiori
1769 4162 2184 4243 fincerirate&conslantia
2197 4180 2276 4263 regni

779 4267 861 4312 atvs
892 4246 911 4313 l.
925 4269 948 4312 c.
977 4249 1032 4331 qui
1053 4246 1087 4312 lit
1109 4266 1250 4313 ruint.
1286 4267 1505 4325 nuurcrvru,
1549 4246 1758 4339 ecclesiaeque
1777 4252 1955 4338 gallicanae
1976 4259 2155 4330 libertatem
2178 4261 2277 4327 det‘en·

777 4332 884 4421 postea
893 4332 1097 4413 cardinalem,
1106 4331 1225 4413 dixisse,
1233 4352 1401 4413 memorat,
1416 4338 1506 4395 Mar·
1549 4335 1598 4402 dit
1612 4360 1711 4405 enm,
1727 4360 1949 4408 magnvs
1956 4389 1969 4425 ‚
1984 4343 2276 4416 doaofflsbonni,

778 4442 847 4483 cam
865 4422 916 4503 effe
935 4419 1092 4507 mauifiste
1111 4420 1315 4502 haereticum,
1335 4420 1507 4505 nullumque
1550 4446 1627 4500 cus3
1650 4446 1846 4510 quamquam
1856 4430 1889 4495 &
1901 4429 1957 4495 suo
1972 4432 2119 4503 docuerit
2127 4438 2274 4525 exernplln

778 4528 928 4590 umquam
936 4507 1251 4595 haereticorumfurffi'
1262 4509 1507 4606 mugist'uiquutu
1549 4515 1677 4610 quantis
1690 4516 1745 4598 qui
1757 4512 1822 4581 hoc
1837 4514 1968 4597 faciunt,
1986 4522 2049 4592 sese
2063 4544 2273 4613 exponantpe·

776 4595 918 4675 adreersus
931 4594 1091 4675 ccelefiume
1107 4614 1219 4678 porra,
1232 4598 1387 4678 fitmmum
1404 4613 1507 4679 pontt·
1549 4599 1666 4664 riculis.
1720 4600 1805 4667 Tota
1819 4605 1916 4670 veluti
1930 4610 1999 4673 vita
2017 4616 2086 4679 eius
2100 4614 2177 4682 nihil
2190 4606 2269 4685 alul,

770 4681 863 4771 ficem
877 4700 1046 4765 utumquaru
1052 4684 1269 4766 consensurum,
1282 4701 1316 4749 ut
1323 4681 1371 4749 ille
1374 4685 1437 4772 fiat
1444 4684 1504 4768 epi·
1546 4705 1646 4772 quam
1660 4690 1855 4757 conunuum
1870 4710 2038 4767 certamen
2051 4699 2273 4771 fiijtconnaro·

904 4818 908 4825 .
2173 4800 2273 4855 manat
