5259 5967
601 826 606 833 Ι
626 738 685 806 DE
709 730 999 806 THEOLOGlAE
1021 730 1226 808 'cutione
1247 740 1431 827 Etstvr„
1454 726 1620 843 INDOLE
1643 738 1704 808 Ae
1725 734 1989 811 VIRTVTIBVS.
2037 738 2084 857 3}

569 842 1478 867 .......-...........................,,

567 888 633 955 iiat.
677 890 718 954 Et
731 884 807 955 hinc
823 906 943 976 porro,
957 890 1167 978 cor,inquit,
1181 884 1301 974 queret
1344 884 1538 971 instrudus,
1562 909 1605 958 ne
1631 888 1717 957 telle
1744 883 1876 974 quidem
1908 887 2094 959 veritatem.

558 976 757 1063 perquiras,
777 974 947 1062 theologia
954 974 1107 1061 studiosus
1126 976 1303 1064 religionem
1345 975 1537 1064 agnoscere,
1561 976 1668 1044 multo
1689 976 1796 1043 minus
1822 975 1903 1042 serio
1927 974 2078 1059 amplelii

566 1063 1047 1150 requereritetemfieperonnin
1057 1064 1115 1129 dili
1132 1082 1186 1145 er,
1200 1062 1302 1131 orni·
1344 1082 1452 1151 queat.
1496 1064 1682 1131 Voluntatis
1700 1082 1799 1151 porro
1823 1057 1880 1128 ista
1901 1056 2078 1147 dispositio,

567 1149 612 1215 ltil
622 1170 691 1213 eum
705 1151 872 1231 eliminent,
893 1167 927 1215 nt
943 1169 1079 1235 peretur
1092 1082 1147 1239 li,
1158 1170 1217 1237 pro
1237 1150 1302 1213 eius
1345 1149 1580 1239 quamdiucina
1598 1154 1633 1217 in
1649 1152 1741 1217 nobis
1755 1144 1852 1217 efficit
1865 1150 1978 1237 gratia,
1997 1141 2077 1211 filia-

568 1236 746 1323 lefinstone,
762 1236 1068 1325 quidqtrielpofflder,
1088 1242 1249 1319 emittere,
1267 1257 1301 1300 o-
1344 1240 1409 1304 lem
1423 1244 1521 1305 etiam
1540 1242 1576 1305 in
1597 1240 1691 1303 nobis
1711 1234 1859 1323 producit
1873 1235 2026 1301 Numinis
2039 1238 2078 1297 ti-

567 1328 650 1387 mnia
659 1326 816 1409 perferre,
835 1324 922 1390 nulla
936 1327 1080 1411 proprii,
1099 1344 1158 1390 eut
1170 1324 1300 1389 alterius
1344 1348 1480 1406 morem,
1497 1348 1593 1414 quem
1593 1328 1766 1411 sapientiae
1778 1323 1971 1408 initiumeffe,
1986 1321 2018 1385 su
2023 1342 2078 1405 pra

575 1410 1300 1499 eousque,quodintereJl,Jiquiorintentio,nul·
1344 1412 1536 1493 docuimus,
1572 1414 1606 1481 ὃ(
1635 1414 1787 1499 scriptura
1814 1409 1896 1477 sacra
1932 1408 2077 1480 testatore

606 1499 736 1564 ¹enimi
759 1500 899 1583 aelfellus
918 1520 939 1563 a
949 1500 1122 1583 sententie,
1139 1518 1199 1585 pro
1217 1499 1300 1563 bone
1343 1503 1592 1584 Proe.l,7.ll',
1609 1504 1713 1583 rnPfi
1735 1503 1870 1581 ct1,1o.
1926 1497 2079 1581 Dumque

641 1584 663 1645 ’ἐ
674 1586 829 1670 susceptu,
846 1606 915 1651 eum
934 1586 1061 1652 deliciet
1066 1632 1079 1671 ,
1100 1586 1247 1654 illecebris
1261 1586 1300 1655 θ’
1343 1590 1494 1657 voluntas
1510 1590 1635 1654 avariis
1655 1590 1740 1653 vitiis
1763 1602 1932 1673 purgatur,
1949 1580 2041 1649 simul
2060 1604 2078 1647 a

678 1674 861 1740 mundonis
869 1673 1017 1749 vltinum
1031 1676 1155 1741 omnino
1168 1672 1238 1741 tale
1252 1672 1299 1735 di-
1367 1673 1575 1754 raeiudicatis,
1588 1673 1751 1761 quaehinc
1767 1676 1925 1761 originem
1936 1666 2077 1748 trahunt,

707 1788 711 1795 ·
729 1760 1299 1850 oranteDetemplereeecupiut,praee-
1343 1699 1493 1829 liberatur
1509 1764 1737 1849 opinionibus,
1777 1784 1835 1826 uae
1848 1761 1989 1844 veritatis
2003 1776 2078 1841 cog·

737 1868 787 1911 ‘oe
799 1848 865 1913 eius
877 1846 1107 1937 nihilqtuerut,
1123 1851 1162 1922 {5
1164 1848 1298 1934 perflllo
1343 1852 1461 1917 nitioni
1474 1851 1526 1918 vel
1552 1852 1693 1915 maxime
1713 1786 1850 1917 obdant
1917 1840 2079 1912 Modestia

751 1936 754 1941 '
769 1956 895 2001 ¹irrotare
905 1938 990 2003 omni
1007 1938 1198 2004 contentione
1215 1935 1300 2001 nite·
1343 1937 1498 2007 mmhinc
1513 1940 1626 2019 oritur,
1635 1933 1675 2003 ad
1688 1939 1847 2023 impetum
1860 1932 2078 2018 illorum,-qui

800 2022 932 2110 ,remiffi
946 2041 1040 2111 utque
1064 2025 1170 2092 timidi
1188 2023 1299 2107 enini,
1343 2035 1379 2087 et
1396 2026 1482 2096 leniti
1495 2031 1626 2099 omlis,
1649 2028 1736 2089 Rom.
1757 2028 1831 2103 llll,
1854 2027 1893 2087 16.
1920 2020 2079 2086 refrenan-

808 2128 830 2172 ’τ
850 2110 1059 2195 defendenla5
1077 2112 1234 2197 homines,
1250 2111 1300 2176 in·
1344 2109 1434 2194 dum,
1450 2112 1670 2196 maximopere
1685 2109 1865 2178 necessaria.
1909 2111 1979 2174 Nec
1992 2108 2079 2172 enim

746 2250 750 2255 .
767 2246 778 2279 ,
803 2219 879 2283 quos
895 2215 953 2267 eut
967 2200 1098 2265 ambitio
1119 2218 1226 2282 crece,
1241 2212 1300 2262 tut
1342 2196 1521 2289 quidquam
1541 2216 1660 2266 temere
1679 2200 1815 2266 noxium
1834 2198 1933 2283 magis
1950 2194 2078 2261 theolo-

658 2312 704 2349 ...π
712 2286 837 2371 priuati
848 2286 1142 2375 conmorit-edium
1154 2284 1303 2374 rapient
1366 2291 1414 2355 'ae
1425 2286 1599 2353 cultoribus
1611 2284 1667 2367 est,
1680 2308 1777 2375 quam
1789 2284 1990 2353 inconsultus
2012 2277 2078 2359 iste,

558 2374 897 2461 pereemputentiorem
908 2375 942 2439 in
948 2374 1107 2457 sentiendo
1111 2373 1299 2460 sequentinm
1399 2375 1612 2441 ambitionem
1639 2373 1796 2459 prodens,
1820 2372 1861 2441 ad
1880 2371 2025 2439 sttblimia
2044 2368 2079 2436 δε

557 2464 665 2551 proni,
677 2479 745 2526 tum
748 2460 864 2544 faciles
876 2461 920 2526 ad
919 2463 1076 2546 sequendo
1085 2461 1298 2547 principiam·
1341 2459 1478 2541 excelsa,
1500 2462 1615 2547 quibus
1638 2462 1706 2526 aliis
1729 2461 1759 2526 se
1780 2459 1934 2547 praeferre
1971 2472 2080 2533 ueanr,

553 2550 722 2639 gulaeque,
737 2548 946 2633 quaesuneele
964 2565 1115 2633 tempore,
1136 2547 1298 2632 eddesm·
1340 2546 1447 2617 ardor.
1491 2543 1650 2613 Modestia
1666 2568 1795 2632 quoque
1809 2547 1947 2613 haeccee
1983 2546 2080 2621 cit,vt

558 2637 677 2704 bula
685 2633 903 2721 propositiones
921 2632 1090 2722 theologiae
1113 2632 1299 2701 commodio-
1341 2636 1482 2703 aliorum
1494 2632 1954 2713 lubentesaudiamusmonita,
1968 2634 2080 2715 iisque,

519 2736 522 2741 '
560 2727 629 2803 rit,
642 2722 691 2789 illi
703 2722 972 2809 deniquequoeurn
989 2724 1299 2805 mentuseorrupttes,
1343 2718 1605 2802 lisalutariasint,
1622 2713 2080 2807 obsequamumcumisticon-

562 2808 1094 2897 vitiisqueitnltetusclmtncipetus
1107 2808 1210 2897 est,ad
1232 2826 1302 2872 rue·
1343 2830 1413 2891 tra,
1434 2810 1490 2897 qui
1515 2808 1574 2876 soli
1590 2807 1696 2895 sapere
1715 2804 1771 2875 libi
1792 2805 1960 2887 videntur,
1980 2804 2079 2869 moni-

560 2894 911 2965 euselenmntelenles
930 2894 1005 2962 boni
1024 2894 1191 2983 theologie
1243 2894 1302 2957 'uon
1343 2895 1488 2976 toribus,
1514 2910 1775 2964 vtnouurivs
1803 2890 2080 2977 ait,s1ntespeei,

559 2984 785 3071 adeinpblent.
827 2988 1060 3071 Quemcumque
1074 2980 1301 3068 specularium
1346 2980 1498 3071 dumque,
1514 2981 1723 3048 saluberrimis
1738 2982 2079 3067 aliorumspretiscon·

551 3072 616 3160 fibi
626 3073 878 3156 computruerint
884 3072 1060 3153 scientim,
1075 3089 1181 3133 eorum
1195 3085 1300 3133 tamen
1346 3069 1430 3151 siliis,
1445 3066 1572 3155 sibiipsi
1588 3072 1681 3135 nimis
1696 3065 1810 3149 fidunt,
1826 3089 1896 3135 non
1910 3067 2079 3131 enaratio·

559 3162 719 3246 corruptio
736 3158 835 3222 cordis
858 3158 989 3222 uiolento
1020 3158 1059 3227 ὅ
1077 3151 1302 3239 incirutopeffu
1345 3179 1387 3240 ne
1402 3160 1437 3221 in
1449 3158 1634 3242 praecipitia
1649 3156 1804 3223 feruntur.
1864 3149 1976 3220 Necid
1990 3170 2079 3238 prae-

558 3248 772 3329 transuerfiem
781 3265 832 3308 eos
843 3246 921 3330 egit,
940 3260 1129 3327 mentemque
1139 3244 1173 3306 in
1180 3242 1302 3328 graulfi
1345 3240 1613 3323 retnurtendum,
1659 3241 1751 3325 uod,
1781 3245 1837 3331 qui
1859 3237 1965 3309 cordis
1995 3237 2079 3305 eiua

633 3352 824 3417 saeuosque
841 3331 942 3394 indies
971 3350 1089 3394 errem
1108 3330 1243 3407 ineluct't3
1264 3332 1301 3395 in
1345 3327 1550 3415 dispositione
1569 3264 1724 3416 gaudent,
1739 3352 1775 3397 ea
1796 3332 1931 3411 omnia,
1948 3326 2079 3413 quaein

561 3418 706 3489 nabeo
708 3416 809 3506 studii
824 3415 954 3505 theolog.
976 3419 1056 3484 telle
1067 3415 1262 3503 instituendi,
1273 3435 1300 3479 e.
1344 3440 1396 3498 eo,
1409 3438 1507 3503 quem
1519 3416 1636 3483 semel'
1700 3410 1847 3500 effisunt,
1862 3416 1964 3497 cursu,
1977 3417 2079 3499 impe·
2191 3426 2193 3432 '

536 3524 541 3535 '
568 3514 608 3579 V.
616 3528 712 3595 ppo.
733 3506 815 3573 Non
832 3500 936 3571 modo
950 3501 991 3571 ad
1003 3507 1172 3571 veritatem
1187 3505 1251 3582 ita,
1264 3518 1300 3567 vt
1345 3501 1525 3573 dimentum
1539 3438 1812 3589 auquffadfene
1826 3503 1974 3592 poliunt,
1993 3500 2077 3568 sum-

561 3594 676 3678 detet,
699 3587 936 3660 defendendam
958 3592 993 3659 bc
1011 3584 1299 3678 propugnandam,
1344 3613 1402 3659 mo
1422 3588 1527 3658 studio
1551 3594 1684 3657 euitant.
1742 3590 1824 3657 Tem
1848 3593 2003 3659 manuam
2018 3592 2077 3655 ita-

561 3682 618 3753 sed
635 3684 670 3751 &
688 3672 730 3749 ad
750 3680 871 3830 reliqua
889 3681 1024 3759 omnia,
1053 3698 1135 3764 quae
1155 3675 1300 3763 theologi
1344 3674 1661 3833 qtte,ff&castitattrn,
1676 3699 1775 3763 quam
1813 3670 2021 3764 'igentilsime
2034 3672 2079 3736 se-

561 3766 711 3839 officium
723 3764 889 3853 polluat,
911 3768 1013 3851 inepti
1035 3763 1126 3844 lunt,
1145 3766 1201 3851 qui
1217 3762 1302 3830 reeta
1378 3781 1490 3846 antur,
1505 3767 1684 3853 voluptates
1710 3780 1824 3831 contra
1843 3765 1971 3850 quasuis
1998 3762 2078 3823 serio

563 3852 674 3925 cordis
687 3850 893 3941 dispositione
905 3872 974 3918 non
985 3848 1137 3939 gaudent.
1194 3852 1301 3917 Eani-
1334 3853 1480 3940 'litgium
1524 3856 1716 3938 Sapientiam
1728 3854 1889 3920 enimm
1906 3852 2025 3914 intrare
2045 3848 2078 3908 in

564 3943 705 4021 rriirum,
737 3941 860 4007 uamin
873 3954 946 4005 vete
963 3936 1163 4005 credentibus
1177 3936 1301 4023 spiritus
1344 3939 1486 4006 aninum
1497 3940 1685 4026 malgerum,
1702 3941 1799 4006 necin
1813 3936 2079 4022 corpoeepecceris

563 4024 700 4097 sanssus
778 4030 813 4094 't.
855 4024 918 4093 Etsi
933 4020 1167 4112 enimquidam
1180 4044 1300 4111 perna·
1344 4026 1476 4094 obnoxio
1488 4026 1651 4109 habitere,
1669 4027 1770 4127 probe
1790 4022 1984 4099 didicenrn13
2005 4025 2079 4107 Sap.

562 4130 681 4186 turam
703 4114 748 4179 itu
769 4115 944 4201 comparati
969 4110 1051 4194 sint,
1078 4128 1113 4176 vt
1135 4115 1301 4178 veritatem
1344 4119 1372 4195 l,
1385 4136 1418 4197 4.
1432 4116 1562 4199 Semper
1576 4111 1651 4179 hinc
1665 4115 1727 4180 illis
1740 4129 1812 4181 anre
1825 4108 2080 4179 oculosversatur

559 4200 679 4291 magui
691 4196 957 4285 fidameamque
965 4203 1196 4285 quaerant,vti
1207 4199 1300 4286 supra
1343 4198 1424 4269 illud
1437 4202 1541 4268 Pauli:
1563 4210 1611 4267 rte
1629 4208 1655 4260 tt
1674 4208 1812 4274 ”menie
1830 4204 1962 4269 Ηώς
1981 4200 2080 4271 uiue·

543 4300 546 4306 '
560 4286 651 4373 πός.
665 4291 709 4354 Χ.
720 4286 973 4362 numantinus,
995 4284 1086 4351 hicce
1098 4302 1208 4354 tarnen
1219 4288 1300 4351 veri·
1342 4288 1490 4354 iuuenilis
1503 4288 2078 4374 outenreupidirutesfiegeufillenetn·

562 4378 770 4456 tatietmor,
785 4376 844 4461 qui
862 4394 903 4443 ex
923 4372 1036 4451 altiori,
1050 4374 1173 4460 origine
1198 4366 1298 4458 proli-
1342 4392 1396 4439 tre
1414 4374 1563 4460 inplitiam
1573 4418 1585 4457 ,
1603 4376 1725 4462 fidon,
1750 4374 1959 4459 dilellienern,
1970 4392 2079 4462 pacem
2209 4428 2211 4433 .

559 4462 703 4543 dscittm
717 4462 815 4550 longe
833 4462 961 4547 purior,
973 4459 1132 4547 longeque
1150 4456 1300 4527 smcetior
1343 4482 1412 4528 rum
1424 4462 1565 4527 omnibus
1578 4463 1795 4531 inuocantilus
1805 4465 2012 4539 dominnmex

556 4548 623 4635 eli,
652 4570 762 4651 ¹utam,
783 4567 882 4649 quem
901 4562 1034 4648 naturae
1054 4550 1090 4613 in
1106 4542 1300 4649 quibusdam
1343 4550 1495 4632 morde,-
1508 4571 1536 4616 2.
1549 4552 1626 4649 lion.
1639 4554 1684 4633 ll,
1697 4571 1744 4653 ².²·
1787 4552 1936 4639 Denique
1952 4480 2079 4619 &adet

539 4654 783 4816 tutu
826 4650 924 4809 ,ez
940 4628 1298 4799 tribuetur
1341 4659 2079 4817 emm,

1406 4812 1472 4885 Fr
1699 4796 1707 4818 ⁶
1967 4808 2085 4903 spectat
