5259 5967
630 726 697 799 or
719 688 1265 803 tnotrrotvurrrrvs
1296 726 1670 805 rnrotootctt.
1844 742 1910 823 267

399 889 630 951 tuernout,
652 842 1132 961 quamfflintcreosnon-
1177 900 1434 958 urrunnun,
1457 877 1659 965 bibliograph.
1671 879 1759 962 polit.
1774 901 1798 943 c.
1812 884 1908 965 llsp.

397 960 480 1025 nulli
507 956 669 1045 quaedum
688 984 748 1048 pro
770 964 907 1028 Platonis
931 963 1132 1051 dogmatibus
1169 972 1316 1049 5··6.5.17.
1334 969 1474 1051 itemque
1491 988 1616 1031 utute.
1634 988 1711 1031 tut.
1735 988 1907 1033 scuture-

396 1044 617 1127 venditarent,
634 1070 715 1131 qaae
736 1048 847 1115 tiullra
865 1074 897 1114 m
918 1054 984 1116 eius
1010 1051 1131 1137 scriptis
1177 1076 1242 1119 ttv
1250 1076 1294 1132 nt,
1311 1051 1513 1139 ototrogrrph
1522 1052 1632 1117 moral.
1648 1064 1673 1132 s
1674 1101 1682 1117 ·
1699 1056 1808 1115 LXVI.
1810 1072 1844 1138 p.
1853 1076 1908 1137 4².

396 1130 600 1217 quaesiuerit.
645 1133 959 1203 Exhientuxtnivs
983 1159 1133 1204 Tr'Rlvs
1167 1142 1250 1225 fi‘qq.
1274 1139 1457 1225 Qtipaullo
1475 1137 1654 1205 adcuratius
1677 1158 1819 1205 mentem
1834 1141 1907 1206 Ati-

398 1218 1132 1291 rnoraludottrmrecultortbnscommendnr-
1176 1225 1294 1293 stotelit
1314 1227 1590 1311 introspexerunt,
1614 1223 1902 1310 deprehenderunt,

399 1302 623 1383 dusntautinte5
643 1312 798 1395 qnoniam
813 1313 848 1375 in
870 1311 930 1376 suis
947 1312 1132 1380 dill'ermtio-
1176 1312 1387 1381 constitutum
1400 1318 1429 1378 ei
1444 1312 1549 1393 fuisse,
1572 1314 1709 1379 inlibris
1726 1310 1906 1379 ethicorum

398 1396 493 1461 uibus
503 1441 514 1476 ,
534 1417 605 1460 non
621 1418 739 1479 parter,
757 1420 838 1483 quoe
853 1396 947 1464 huius
963 1400 1027 1465 loci
1041 1401 1131 1477 sunt,
1175 1399 1215 1467 ad
1226 1400 1464 1465 Nicomachum
1481 1446 1490 1479 ,
1515 1400 1643 1465 ciuilem
1657 1402 1782 1483 potius,
1807 1421 1905 1485 quam

397 1482 579 1549 luculenter
598 1481 775 1550 admodum
799 1486 930 1565 tradat,
951 1510 1011 1553 nec
1025 1489 1131 1551 inani·
1173 1488 1331 1553 moralem
1345 1484 1594 1571 philosophiam,
1611 1483 1748 1565 tradere,
1771 1486 1836 1551 hoc
1850 1484 1906 1565 est,

398 1572 459 1634 bus
480 1569 728 1657 sublimibusque
756 1570 1025 1657 speculationibus
1046 1571 1128 1639 adeo
1173 1577 1233 1639 viri
1250 1574 1392 1659 politid,
1411 1574 1444 1639 dc
1467 1572 1508 1638 ad
1530 1572 1690 1653 honores,
1711 1594 1905 1657 magnasque

397 1654 559 1741 indulget,
583 1680 680 1743 quarn
694 1658 817 1745 reliqui.
862 1658 968 1725 Edidit
977 1664 1130 1743 elusione
1174 1660 1359 1747 dignitates,
1376 1656 1582 1747 adspirantir,
1598 1660 1745 1737 virtutes,
1758 1661 1905 1745 &requi-

396 1741 451 1809 l'eu
472 1744 708 1831 Affirtariones,
723 1762 846 1831 praeter
861 1748 961 1825 alio's,
984 1769 1036 1812 ro.
1060 1766 1130 1810 on·
1174 1747 1229 1815 sita
1244 1746 1425 1813 describere.
1468 1746 1575 1827 Hinc,
1600 1768 1656 1810 cur
1672 1743 1819 1811 undecim
1833 1742 1904 1810 illas

396 1852 549 1911 vtsrvs,
572 1834 726 1899 Cantabri
750 1836 808 1909 iae,
828 1852 924 1915 1703,
943 1846 972 1907 8.
996 1836 1129 1917 Dequa-
1171 1839 1324 1916 virtutes,
1348 1850 1440 1897 nutas
1455 1830 1545 1913 sutis,
1568 1831 1783 1911 constituerit,
1804 1849 1902 1917 patet,

396 1935 475 1985 tuot
494 1921 651 1984 virtutum
671 1854 835 2005 gradibus,
869 1920 1130 2005 qttos'llatonici
1173 1942 1207 1989 vt
1219 1942 1287 1987 rote
1300 1918 1645 2006 quoruminvitnciuili
1659 1918 1728 1983 rsus
1743 1916 1787 1991 cll
1800 1921 1903 1984 mani-

395 2002 467 2083 tlh,
490 2008 547 2091 qui
569 2004 640 2092 post
660 2004 823 2072 Christum
842 1996 955 2073 ilatum
970 2010 1128 2086 vixetturt,
1171 1948 1284 2083 sellum
1307 2024 1409 2093 patet,
1426 2028 1481 2070 cur
1495 2007 1620 2090 pietatis
1631 2006 1754 2087 nullum
1762 2008 1904 2071 mentio.

396 2090 653 2173 constituebant,
677 2090 755 2159 dum
775 2096 852 2159 alias
870 2093 1015 2179 politicas
1034 2093 1129 2159 facie·
1172 2118 1249 2162 nem
1261 2094 1385 2173 fecerit,
1425 2096 1519 2177 uippe
1532 2114 1630 2179 quam
1644 2088 1684 2157 ad
1698 2088 1791 2157 istum
1803 2088 1902 2157 linem

397 2180 495 2259 bant,
513 2180 589 2245 alins
596 2182 808 2266 purgatorias,
819 2178 1127 2261 aliasiuttllellualer,
1171 2185 1305 2249 minime
1326 2116 1528 2246 necessariam
1551 2180 1635 2261 else,
1666 2181 1818 2265 putauit,
1841 2196 1904 2245 nec

396 2266 476 2333 alias
493 2264 629 2353 denique
643 2267 838 2419 t-xemplarer,
855 2267 940 2333 conf.
961 2288 1030 2333 mc.
1042 2290 1128 2332 ruo·
1171 2267 1253 2337 adeo
1269 2290 1351 2354 opus
1367 2270 1441 2345 erit,
1459 2282 1493 2331 vt
1509 2288 1583 2331 curn
1599 2287 1650 2331 10.
1674 2286 1780 2332 rictu.
1804 2286 1901 2332 ono-

396 2374 531 2427 nastes,
552 2356 587 2419 in
601 2355 716 2439 origini
732 2362 773 2419 'ur
784 2352 929 2439 historiae
942 2352 1129 2439 philosophi·
1172 2378 1305 2423 uovto
1323 2356 1440 2420 eumin
1454 2355 1680 2439 magnificentia
1701 2374 1903 2439 quaeramus,

392 2442 495 2513 cae&
507 2437 728 2527 ecclyliqlirae,
740 2462 773 2527 p.
783 2462 833 2507 uo.
1172 2447 1206 2509 in
1221 2444 1302 2505 notis
1316 2439 1357 2507 ad
1369 2446 1450 2591 qu.
1466 2442 1607 2505 Grotiom
1616 2484 1626 2519 ,
1644 2436 1683 2505 de
1696 2444 1762 2504 iure
1776 2439 1847 2503 belli
1863 2439 1907 2509 ss

485 2526 597 2613 Longe
617 2530 714 2593 aliam
733 2531 838 2605 viam,
859 2526 1041 2593 dodlrinam
1055 2547 1127 2591 rno-
1167 2532 1275 2616 pacit,
1297 2530 1332 2595 &
1354 2530 1407 2613 qui
1433 2548 1484 2591 em
1503 2524 1543 2591 ad
1558 2527 1725 2611 prolegom.
1745 2536 1778 2603 ς.
1801 2527 1900 2591 XLV.

394 2614 500 2681 talem
518 2614 675 2680 trallrndi
692 2662 700 2695 ,
720 2612 870 2701 ingressus
893 2612 935 2679 est
957 2635 1126 2680 nntsro-
1169 2612 1326 2682 Vndecint
1350 2634 1449 2699 porro
1472 2610 1542 2678 illas
1564 2614 1696 2678 virtutes
1715 2609 1902 2678 Aristoteles

391 2722 444 2769 τε
455 2722 534 2767 trs.
577 2700 756 2767 Cumeniur
771 2720 902 2767 oraro
917 2698 957 2766 ad
966 2704 1126 2767 internam
1168 2726 1237 2771 nou
1251 2723 1311 2789 pto
1327 2698 1440 2766 mediis
1462 2698 1501 2764 ad
1515 2698 1675 2765 summum
1689 2701 1814 2765 bonum
1828 2716 1902 2783 pet·

349 2840 355 2845 -
391 2790 497 2855 animi
510 2790 733 2873 purgationem
743 2788 906 2871 respiceret
916 2811 927 2865 ,·
940 2785 1125 2866 lriccontra,
1170 2787 1337 2867 ueniendi,
1353 2787 1494 2873 vtvulgo
1512 2784 1668 2868 traditur,
1691 2782 1743 2852 sed
1760 2802 1899 2871 propar-

390 2878 482 2943 vitae
501 2890 629 2939 tanturn
649 2874 751 2940 ciuilis
766 2871 820 2940 stbi
835 2871 1012 2957 habendum
1027 2876 1126 2939 tatio·
1170 2878 1253 2945 tibus
1268 2878 1375 2961 potius
1387 2873 1503 2939 summi
1521 2874 1598 2938 boni
1619 2873 1747 2949 habuit3
1769 2890 1821 2953 vt,
1842 2873 1902 2957 qui

392 2982 490 3041 neme
508 2964 653 3047 putauit,
672 2982 775 3046 ²0q1¹0
791 2958 1126 3047 'philosophiamsuam
1169 2963 1349 3033 adcuratius
1358 2964 1392 3026 in
1402 2980 1509 3025 veram
1526 2962 1591 3025 eius
1613 2975 1753 3025 mentem
1767 2954 1900 3044 inquili-

391 3050 555 3117 moralem
564 3065 781 3132 comparatam
794 3049 869 3129 else,
892 3049 1127 3114 voluit.'lnter
1170 3068 1304 3129 uerunt,
1343 3048 1518 3113 luculenter
1536 3044 1751 3113 ostenderunt.
1797 3040 1900 3131 Quod

391 3136 510 3221 scripta
518 3137 582 3199 eius
590 3134 724 3201 moralia
740 3137 946 3221 praecipuum
962 3136 1071 3199 locum
1081 3151 1127 3201 te·
1170 3130 1900 3225 quidemsummumbonumcumincomplexu

392 3238 498 3303 nent,
519 3219 686 3287 ethicorum
700 3222 745 3285 ad
753 3221 976 3287 Nicomachum
990 3221 1063 3286 libri
1076 3222 1126 3285 tle·
1169 3246 1294 3303 eorum,
1319 3218 1446 3309 quaead
1468 3224 1568 3285 vitam
1583 3220 1704 3288 hancce
1722 3215 1899 3305 splendide,

391 3330 462 3376 cem
467 3332 479 3388 ς
491 3326 614 3395 praeter
621 3330 701 3395 quos
711 3311 808 3375 etiam
818 3306 936 3375 exstant
944 3328 1127 3395 magnorum
1168 3308 1320 3389 iucunde,
1338 3310 1372 3375 δι
1387 3329 1460 3372 curn
1477 3308 1577 3393 gloria
1587 3304 1819 3395 tranfigendam
1851 3324 1901 3371 er·

393 3398 564 3463 moratium
576 3396 652 3460 libri
663 3396 739 3475 duo,
751 3396 797 3463 ·&
810 3396 974 3461 moralium
981 3398 1025 3459 ael
1029 3396 1125 3459 Eude-
1170 3402 1291 3475 tinent,
1306 3396 1495 3469 collocaret,
1518 3392 1610 3460 simul
1618 3416 1694 3461 vero
1709 3416 1808 3481 quam
1815 3328 1901 3459 elffi-

390 3482 561 3547 momlilrri
577 3484 650 3548 VII.
673 3484 711 3547 In
725 3482 819 3547 libros
833 3484 1052 3551 ethicoromod
1063 3482 1125 3549 Ni·¹
1168 3486 1269 3554 culter
1288 3481 1366 3549 haec
1386 3482 1497 3545 omnia
1518 3500 1573 3546 aur
1593 3482 1817 3560 obtineantur,
1840 3496 1900 3545 aut

390 3568 594 3650 comaclum,
630 3569 686 3634 sub
711 3572 845 3637 nornine
879 3586 1125 3638 nuntoutct
1167 3576 1374 3649 retineantur,
1387 3564 1657 3641 viderettmirum
1667 3564 1797 3646 nonest,
1807 3561 1899 3650 quod

392 3676 567 3735 nrrontt,
585 3654 785 3743 paraphrafir
799 3656 1034 3735 circumfertur,
1054 3678 1123 3721 eos·
1167 3659 1328 3727 summum
1362 3657 1487 3721 bonum
1521 3670 1680 3737 amma„
1707 3671 1744 3733 τῇ
1769 3666 1898 3735 annm?

391 3740 473 3811 dem
485 3762 561 3808 veto
581 3763 619 3807 ert
629 3744 748 3829 graecis
772 3764 901 3830 quoque
916 3762 1060 3811 nstas1
1073 3764 1122 3822 rs,
1165 3743 1359 3897 praetulerit.
1404 3742 1471 3819 Qui
1479 3760 1553 3827 ergo
1570 3760 1645 3803 cum
1658 3733 1897 3804 scholasticisex

391 3847 665 3909 cusrrrrtvs,
701 3830 735 3897 de
768 3850 964 3897 rttcttntt
1002 3850 1122 3897 rrur-
1188 3832 1249 3899 isce
1270 3826 1448 3897 Aristotelis
1470 3827 1555 3891 libris
1577 3821 1759 3891 dodlrinam
1782 3843 1896 3908 quam-

393 3932 501 3991 stvs,
514 3918 742 3983 commentariis
754 3918 814 3983 suis
824 3916 1029 3997 illustrarunt,
1039 3936 1122 4001 quos
1166 3914 1422 3994 dtmmoralem,
1437 3930 1567 3999 prouta
1588 3913 1674 3979 ciuili
1697 3910 1897 3989 discernitur,

391 4003 436 4069 in
451 3998 724 4083 linguamlatinam
733 4000 889 4070 transtulit
904 4025 953 4068 ro.
969 4023 1121 4069 runnu.
1164 4006 1215 4070 seu
1236 4002 1374 4071 ethicam
1393 4002 1523 4085 proprie
1542 3996 1583 4064 stc
1612 3995 1747 4078 dietam,
1772 4016 1896 4083 propo-

388 4104 654 4157 rrtrctturs.
676 4091 969 4169 Exrecentiotibus,
978 4093 1034 4175 qui
1048 4087 1122 4152 hos·
1165 4092 1312 4168 suerunt,
1338 4084 1444 4171 seipsi
1466 4081 1671 4151 traduxerunt
1690 4086 1840 4169 turpiter,
1855 4102 1896 4151 ac

389 4194 431 4243 ce
454 4168 627 4239 Arillotelrr
634 4176 733 4240 libros
748 4174 958 4261 exposuerunt
966 4222 978 4255 ,
989 4173 1121 4241 laudan.
1165 4173 1396 4265 fignificarunt,
1410 4168 1465 4238 ltbi
1473 4192 1581 4238 veram
1590 4194 1627 4237 ac
1635 4174 1808 4259 genuinam
1825 4172 1895 4236 eius

389 4258 426 4328 di
439 4262 578 4327 maxime
591 4282 678 4328 err.
697 4283 933 4343 vrcrontvs,
950 4264 985 4331 dc
999 4282 1121 4328 outte-
1165 4282 1319 4338 mentem,
1337 4281 1434 4346 quem
1447 4280 1505 4326 ceu
1517 4255 1632 4324 rlucem
1651 4282 1687 4325 ac
1709 4254 1895 4345 magistrum

390 4368 470 4415 'rus
497 4368 743 4428 ctrtrautvs,
774 4352 893 4435 quippe
914 4351 969 4435 qui
993 4348 1120 4433 reliquit
1164 4351 1250 4437 sequi
1274 4348 1465 4427 voluerunt,
1501 4344 1672 4413 nonfuilse
1687 4343 1895 4432 perspectam.

392 4434 544 4501 omnibus
558 4432 691 4502 dubiam
700 4434 753 4501 hic
767 4436 889 4500 faciunt
924 4428 1121 4509 almam3sed
1164 4432 1330 4503 Eiusmodi
1344 4432 1471 4518 insuper
1483 4433 1613 4497 virtutes
1630 4434 1755 4513 ciuiles,
1773 4434 1893 4499 cumin

388 4516 536 4589 addenda
549 4520 879 4624 tamenparaphrafis,
896 4456 1064 4601 diseholia,
1073 4516 1118 4585 di·
1164 4522 1340 4612 quemlibet
1366 4518 1557 4597 hominem,
1584 4522 1791 4605 quantumuis
1816 4518 1893 4585 sotis

385 4602 543 4675 sertilsuni
554 4626 692 4675 oratoru
705 4628 745 4673 ro.
768 4628 861 4673 nur.
883 4628 1051 4675 muneri.
1071 4608 1121 4671 De
1163 4629 1294 4677 naturae
1306 4606 1427 4673 viribus
1440 4603 1645 4688 inllrullum,
1660 4605 1792 4679 cadant,
1807 4607 1892 4671 ratio

388 4692 463 4783 his,
484 4696 522 4771 dc
540 4697 672 4785 reliquis
691 4694 836 4769 conferre
861 4692 986 4765 iuuabit
1004 4712 1141 4767 carn·
1164 4696 1370 4851 mtelllipilmr,
1406 4714 1463 4765 cur
1485 4690 1588 4769 ethica
1606 4692 1663 4768 illa
1689 4690 1890 4769 Aristotelia

1324 4800 1348 4852 2
1814 4792 1891 4845 clim
