<?xml version="1.0" encoding="UTF-8"?>
<!DOCTYPE html PUBLIC "-//W3C//DTD XHTML 1.0 Transitional//EN"
    "http://www.w3.org/TR/xhtml1/DTD/xhtml1-transitional.dtd">
<html xmlns="http://www.w3.org/1999/xhtml" xml:lang="en" lang="en">
 <head>
  <title>
</title>
<meta http-equiv="Content-Type" content="text/html;charset=utf-8" />
  <meta name='ocr-system' content='tesseract 3.04.00' />
  <meta name='ocr-capabilities' content='ocr_page ocr_carea ocr_par ocr_line ocrx_word'/>
</head>
<body>
  <div class='ocr_page' id='page_1' title='image "./iofranciscibvdd00buddgoog_0155.png"; bbox 0 0 5259 5967; ppageno 0'>
   <div class='ocr_carea' id='block_1_1' title="bbox 778 707 2069 795">
    <p class='ocr_par' dir='ltr' id='par_1_1' title="bbox 778 707 2069 795">
     <span class='ocr_line' id='line_1_1' title="bbox 778 707 2069 795; baseline -0.001 -11"><span class='ocrx_word' id='word_1_1' title='bbox 778 716 846 785; x_wconf 83' lang='lat' dir='ltr'>DE</span> <span class='ocrx_word' id='word_1_2' title='bbox 862 708 1410 786; x_wconf 72' lang='lat' dir='ltr'>PROPAEDEVMATIBVS</span> <span class='ocrx_word' id='word_1_3' title='bbox 1431 707 1813 781; x_wconf 82' lang='lat' dir='ltr'><strong>THEOLOGICIS.</strong></span> <span class='ocrx_word' id='word_1_4' title='bbox 2008 728 2069 795; x_wconf 72' lang='lat'>¹31</span> 
     </span>
    </p>
   </div>
   <div class='ocr_carea' id='block_1_2' title="bbox 535 812 2109 4862">
    <p class='ocr_par' dir='ltr' id='par_1_2' title="bbox 535 812 2086 3539">
     <span class='ocr_line' id='line_1_2' title="bbox 556 812 2068 839; baseline 0.004 -6"><span class='ocrx_word' id='word_1_5' title='bbox 556 812 2068 839; x_wconf 58' lang='lat' dir='ltr'>mm</span> 
     </span>
     <span class='ocr_line' id='line_1_3' title="bbox 549 850 2072 941; baseline -0.001 -18"><span class='ocrx_word' id='word_1_6' title='bbox 549 855 647 941; x_wconf 81' lang='lat' dir='ltr'>longe</span> <span class='ocrx_word' id='word_1_7' title='bbox 658 852 757 919; x_wconf 86' lang='lat' dir='ltr'>satius</span> <span class='ocrx_word' id='word_1_8' title='bbox 770 850 867 919; x_wconf 85' lang='lat' dir='ltr'>foret.</span> <span class='ocrx_word' id='word_1_9' title='bbox 922 851 983 919; x_wconf 89' lang='lat' dir='ltr'>Sed</span> <span class='ocrx_word' id='word_1_10' title='bbox 999 856 1039 933; x_wconf 74' lang='grc' dir='ltr'>ὃςΙ</span> <span class='ocrx_word' id='word_1_11' title='bbox 1050 856 1226 941; x_wconf 82' lang='lat' dir='ltr'><strong>principes,</strong></span> <span class='ocrx_word' id='word_1_12' title='bbox 1242 875 1291 918; x_wconf 87' lang='lat' dir='ltr'>re·</span> <span class='ocrx_word' id='word_1_13' title='bbox 1333 876 1554 938; x_wconf 62' lang='lat' dir='ltr'>terrentesque</span> <span class='ocrx_word' id='word_1_14' title='bbox 1568 856 1663 919; x_wconf 81' lang='lat' dir='ltr'>latetis</span> <span class='ocrx_word' id='word_1_15' title='bbox 1678 858 1856 921; x_wconf 81' lang='lat' dir='ltr'>honorariis</span> <span class='ocrx_word' id='word_1_16' title='bbox 1872 860 2020 938; x_wconf 79' lang='lat' dir='ltr'>excitari,</span> <span class='ocrx_word' id='word_1_17' title='bbox 2033 873 2072 923; x_wconf 90' lang='lat' dir='ltr'>vt</span> 
     </span>
     <span class='ocr_line' id='line_1_4' title="bbox 552 938 2074 1027; baseline 0.001 -19"><span class='ocrx_word' id='word_1_18' title='bbox 552 962 625 1009; x_wconf 84' lang='lat' dir='ltr'>nim</span> <span class='ocrx_word' id='word_1_19' title='bbox 647 960 688 1005; x_wconf 89' lang='lat' dir='ltr'>ue</span> <span class='ocrx_word' id='word_1_20' title='bbox 704 938 873 1019; x_wconf 75' lang='lat' dir='ltr'>domnas,</span> <span class='ocrx_word' id='word_1_21' title='bbox 888 939 1120 1019; x_wconf 80' lang='lat' dir='ltr'>inexcitandis,</span> <span class='ocrx_word' id='word_1_22' title='bbox 1131 938 1290 1018; x_wconf 87' lang='lat' dir='ltr'>fouendis,</span> <span class='ocrx_word' id='word_1_23' title='bbox 1334 941 1470 1005; x_wconf 78' lang='lat' dir='ltr'>alacriter</span> <span class='ocrx_word' id='word_1_24' title='bbox 1484 942 1673 1005; x_wconf 73' lang='lat' dir='ltr'>intentarem</span> <span class='ocrx_word' id='word_1_25' title='bbox 1686 940 1859 1027; x_wconf 79' lang='lat' dir='ltr'>instituent,</span> <span class='ocrx_word' id='word_1_26' title='bbox 1875 946 2016 1027; x_wconf 76' lang='lat' dir='ltr'>triamque</span> <span class='ocrx_word' id='word_1_27' title='bbox 2031 944 2074 1010; x_wconf 75' lang='lat' dir='ltr'>aa</span> 
     </span>
     <span class='ocr_line' id='line_1_5' title="bbox 550 1024 2071 1114; baseline -0.005 -19"><span class='ocrx_word' id='word_1_28' title='bbox 550 1030 631 1095; x_wconf 82' lang='lat' dir='ltr'>alen</span> <span class='ocrx_word' id='word_1_29' title='bbox 655 1029 745 1110; x_wconf 82' lang='lat' dir='ltr'>&#39;sque</span> <span class='ocrx_word' id='word_1_30' title='bbox 768 1024 855 1093; x_wconf 86' lang='lat' dir='ltr'>hisee</span> <span class='ocrx_word' id='word_1_31' title='bbox 879 1026 990 1091; x_wconf 85' lang='lat' dir='ltr'>litteris</span> <span class='ocrx_word' id='word_1_32' title='bbox 1007 1027 1065 1092; x_wconf 86' lang='lat' dir='ltr'>suo</span> <span class='ocrx_word' id='word_1_33' title='bbox 1086 1050 1156 1093; x_wconf 89' lang='lat' dir='ltr'>non</span> <span class='ocrx_word' id='word_1_34' title='bbox 1169 1027 1292 1111; x_wconf 80' lang='lat' dir='ltr'>semper</span> <span class='ocrx_word' id='word_1_35' title='bbox 1334 1026 1565 1111; x_wconf 81' lang='lat' dir='ltr'>intelligendam</span> <span class='ocrx_word' id='word_1_36' title='bbox 1584 1030 1802 1113; x_wconf 72' lang='lat' dir='ltr'>antiquitatem</span> <span class='ocrx_word' id='word_1_37' title='bbox 1810 1049 1958 1114; x_wconf 80' lang='lat' dir='ltr'>graecam</span> <span class='ocrx_word' id='word_1_38' title='bbox 1970 1052 2009 1091; x_wconf 84' lang='lat' dir='ltr'>ar</span> <span class='ocrx_word' id='word_1_39' title='bbox 2023 1052 2071 1093; x_wconf 89' lang='lat' dir='ltr'>ro.</span> 
     </span>
     <span class='ocr_line' id='line_1_6' title="bbox 553 1110 2071 1199; baseline 0 -20"><span class='ocrx_word' id='word_1_40' title='bbox 553 1110 734 1179; x_wconf 78' lang='lat' dir='ltr'>satisfacere</span> <span class='ocrx_word' id='word_1_41' title='bbox 756 1115 897 1191; x_wconf 87' lang='lat' dir='ltr'>muneri,</span> <span class='ocrx_word' id='word_1_42' title='bbox 923 1134 992 1179; x_wconf 90' lang='lat' dir='ltr'>non</span> <span class='ocrx_word' id='word_1_43' title='bbox 1009 1110 1169 1181; x_wconf 84' lang='lat' dir='ltr'>inliciams</span> <span class='ocrx_word' id='word_1_44' title='bbox 1189 1112 1292 1179; x_wconf 84' lang='lat' dir='ltr'>fuero.</span> <span class='ocrx_word' id='word_1_45' title='bbox 1335 1134 1463 1177; x_wconf 80' lang='lat' dir='ltr'>manem</span> <span class='ocrx_word' id='word_1_46' title='bbox 1477 1112 1646 1195; x_wconf 74' lang='lat' dir='ltr'>ostendent,</span> <span class='ocrx_word' id='word_1_47' title='bbox 1659 1117 1698 1185; x_wconf 64' lang='lat' dir='ltr'>tt*</span> <span class='ocrx_word' id='word_1_48' title='bbox 1707 1118 1826 1199; x_wconf 85' lang='lat' dir='ltr'>scripta</span> <span class='ocrx_word' id='word_1_49' title='bbox 1842 1132 1982 1181; x_wconf 85' lang='lat' dir='ltr'>veterum</span> <span class='ocrx_word' id='word_1_50' title='bbox 2001 1117 2071 1181; x_wconf 85' lang='lat' dir='ltr'>illu-</span> 
     </span>
     <span class='ocr_line' id='line_1_7' title="bbox 555 1196 2073 1288; baseline 0.001 -21"><span class='ocrx_word' id='word_1_51' title='bbox 555 1196 655 1267; x_wconf 78' lang='lat' dir='ltr'>Haud</span> <span class='ocrx_word' id='word_1_52' title='bbox 670 1218 745 1263; x_wconf 87' lang='lat' dir='ltr'>rato</span> <span class='ocrx_word' id='word_1_53' title='bbox 761 1215 874 1265; x_wconf 84' lang='lat' dir='ltr'>tamen</span> <span class='ocrx_word' id='word_1_54' title='bbox 894 1196 1018 1283; x_wconf 81' lang='lat' dir='ltr'>ipfimet</span> <span class='ocrx_word' id='word_1_55' title='bbox 1031 1199 1161 1267; x_wconf 88' lang='lat' dir='ltr'>istarum</span> <span class='ocrx_word' id='word_1_56' title='bbox 1174 1201 1293 1267; x_wconf 82' lang='lat' dir='ltr'>littera·</span> <span class='ocrx_word' id='word_1_57' title='bbox 1328 1198 1440 1288; x_wconf 77' lang='lat' dir='ltr'>strant,</span> <span class='ocrx_word' id='word_1_58' title='bbox 1456 1200 1659 1284; x_wconf 71' lang='lat' dir='ltr'>recolantque</span> <span class='ocrx_word' id='word_1_59' title='bbox 1666 1225 1679 1280; x_wconf 83' lang='lat'>,-</span> <span class='ocrx_word' id='word_1_60' title='bbox 1689 1205 1859 1287; x_wconf 74' lang='lat' dir='ltr'>proretflrt</span> <span class='ocrx_word' id='word_1_61' title='bbox 1871 1204 2005 1283; x_wconf 80' lang='lat' dir='ltr'>enimus,</span> <span class='ocrx_word' id='word_1_62' title='bbox 2014 1222 2073 1268; x_wconf 83' lang='lat' dir='ltr'>atre</span> 
     </span>
     <span class='ocr_line' id='line_1_8' title="bbox 556 1280 2072 1375; baseline -0.002 -20"><span class='ocrx_word' id='word_1_63' title='bbox 556 1306 629 1355; x_wconf 80' lang='lat' dir='ltr'>rum</span> <span class='ocrx_word' id='word_1_64' title='bbox 647 1280 791 1371; x_wconf 76' lang='lat' dir='ltr'>magistri</span> <span class='ocrx_word' id='word_1_65' title='bbox 815 1284 877 1351; x_wconf 82' lang='lat' dir='ltr'>suis</span> <span class='ocrx_word' id='word_1_66' title='bbox 923 1307 998 1351; x_wconf 88' lang='lat' dir='ltr'>uam</span> <span class='ocrx_word' id='word_1_67' title='bbox 1020 1290 1159 1353; x_wconf 80' lang='lat' dir='ltr'>maxime</span> <span class='ocrx_word' id='word_1_68' title='bbox 1174 1304 1294 1351; x_wconf 83' lang='lat' dir='ltr'>nocem</span> <span class='ocrx_word' id='word_1_69' title='bbox 1333 1302 1428 1374; x_wconf 82' lang='lat' dir='ltr'>prout</span> <span class='ocrx_word' id='word_1_70' title='bbox 1452 1287 1578 1351; x_wconf 79' lang='lat' dir='ltr'>utilitas</span> <span class='ocrx_word' id='word_1_71' title='bbox 1594 1287 1799 1373; x_wconf 82' lang='lat' dir='ltr'>studiosorum</span> <span class='ocrx_word' id='word_1_72' title='bbox 1814 1288 1957 1375; x_wconf 82' lang='lat' dir='ltr'>postulet.</span> <span class='ocrx_word' id='word_1_73' title='bbox 2011 1296 2072 1355; x_wconf 87' lang='lat' dir='ltr'>At-</span> 
     </span>
     <span class='ocr_line' id='line_1_9' title="bbox 558 1306 2072 1461; baseline -0.001 -20"><span class='ocrx_word' id='word_1_74' title='bbox 558 1374 665 1453; x_wconf 84' lang='lat' dir='ltr'>rebus,</span> <span class='ocrx_word' id='word_1_75' title='bbox 682 1369 765 1437; x_wconf 90' lang='lat' dir='ltr'>dum</span> <span class='ocrx_word' id='word_1_76' title='bbox 778 1392 833 1437; x_wconf 90' lang='lat' dir='ltr'>eos</span> <span class='ocrx_word' id='word_1_77' title='bbox 847 1306 954 1437; x_wconf 79' lang='lat' dir='ltr'>studiis</span> <span class='ocrx_word' id='word_1_78' title='bbox 964 1372 1024 1439; x_wconf 88' lang='lat' dir='ltr'>suis</span> <span class='ocrx_word' id='word_1_79' title='bbox 1035 1370 1213 1459; x_wconf 87' lang='lat' dir='ltr'>adiungunt</span> <span class='ocrx_word' id='word_1_80' title='bbox 1221 1395 1294 1441; x_wconf 87' lang='lat' dir='ltr'>mo-</span> <span class='ocrx_word' id='word_1_81' title='bbox 1336 1394 1431 1459; x_wconf 78' lang='lat' dir='ltr'>qaum</span> <span class='ocrx_word' id='word_1_82' title='bbox 1443 1373 1549 1452; x_wconf 79' lang='lat' dir='ltr'>etiem,</span> <span class='ocrx_word' id='word_1_83' title='bbox 1563 1373 1685 1437; x_wconf 76' lang='lat' dir='ltr'>laudm</span> <span class='ocrx_word' id='word_1_84' title='bbox 1695 1374 1897 1439; x_wconf 76' lang='lat' dir='ltr'>meritameos</span> <span class='ocrx_word' id='word_1_85' title='bbox 1906 1391 2072 1461; x_wconf 80' lang='lat' dir='ltr'>propterea</span> 
     </span>
     <span class='ocr_line' id='line_1_10' title="bbox 558 1454 2071 1548; baseline -0.003 -25"><span class='ocrx_word' id='word_1_86' title='bbox 558 1479 618 1539; x_wconf 87' lang='lat' dir='ltr'>tes,</span> <span class='ocrx_word' id='word_1_87' title='bbox 633 1454 695 1543; x_wconf 71' lang='lat' dir='ltr'>ipui</span> <span class='ocrx_word' id='word_1_88' title='bbox 706 1458 918 1541; x_wconf 83' lang='lat' dir='ltr'>nonpolsunt</span> <span class='ocrx_word' id='word_1_89' title='bbox 936 1480 1007 1525; x_wconf 91' lang='lat' dir='ltr'>non</span> <span class='ocrx_word' id='word_1_90' title='bbox 1021 1460 1125 1547; x_wconf 88' lang='lat' dir='ltr'>ipsos,</span> <span class='ocrx_word' id='word_1_91' title='bbox 1145 1462 1294 1538; x_wconf 73' lang='lat' dir='ltr'>scotiam,</span> <span class='ocrx_word' id='word_1_92' title='bbox 1340 1460 1486 1543; x_wconf 73' lang='lat' dir='ltr'>corejiqtti,</span> <span class='ocrx_word' id='word_1_93' title='bbox 1503 1461 1542 1528; x_wconf 77' lang='lat' dir='ltr'>tt</span> <span class='ocrx_word' id='word_1_94' title='bbox 1551 1478 1610 1545; x_wconf 91' lang='lat' dir='ltr'>pro</span> <span class='ocrx_word' id='word_1_95' title='bbox 1626 1460 2071 1548; x_wconf 68' lang='lat' dir='ltr'>laboribnsfamnrncsexijii.</span> 
     </span>
     <span class='ocr_line' id='line_1_11' title="bbox 560 1543 2072 1637; baseline 0.001 -26"><span class='ocrx_word' id='word_1_96' title='bbox 560 1566 638 1633; x_wconf 81' lang='lat' dir='ltr'>quas</span> <span class='ocrx_word' id='word_1_97' title='bbox 651 1543 804 1621; x_wconf 66' lang='lat' dir='ltr'>tradant,</span> <span class='ocrx_word' id='word_1_98' title='bbox 818 1543 948 1626; x_wconf 84' lang='lat' dir='ltr'>litteras,</span> <span class='ocrx_word' id='word_1_99' title='bbox 956 1550 1109 1613; x_wconf 88' lang='lat' dir='ltr'>omnium</span> <span class='ocrx_word' id='word_1_100' title='bbox 1118 1548 1296 1613; x_wconf 87' lang='lat' dir='ltr'>contemtui</span> <span class='ocrx_word' id='word_1_101' title='bbox 1338 1545 1763 1630; x_wconf 73' lang='lat' dir='ltr'>marionemfit&#39;n&#39;compnrare.</span> <span class='ocrx_word' id='word_1_102' title='bbox 1810 1552 2072 1637; x_wconf 77' lang='lat' dir='ltr'>Veternpropter·</span> 
     </span>
     <span class='ocr_line' id='line_1_12' title="bbox 561 1628 2072 1721; baseline 0.001 -22"><span class='ocrx_word' id='word_1_103' title='bbox 561 1628 733 1719; x_wconf 68' lang='lat' dir='ltr'>exponere·</span> <span class='ocrx_word' id='word_1_104' title='bbox 799 1628 914 1709; x_wconf 79' lang='lat' dir='ltr'>Videas</span> <span class='ocrx_word' id='word_1_105' title='bbox 928 1635 1015 1698; x_wconf 89' lang='lat' dir='ltr'>enim</span> <span class='ocrx_word' id='word_1_106' title='bbox 1033 1631 1190 1719; x_wconf 84' lang='lat' dir='ltr'>quosdam</span> <span class='ocrx_word' id='word_1_107' title='bbox 1205 1634 1297 1699; x_wconf 88' lang='lat' dir='ltr'>rebus</span> <span class='ocrx_word' id='word_1_108' title='bbox 1341 1653 1378 1696; x_wconf 85' lang='lat' dir='ltr'>ea</span> <span class='ocrx_word' id='word_1_109' title='bbox 1390 1653 1452 1696; x_wconf 90' lang='lat' dir='ltr'>non</span> <span class='ocrx_word' id='word_1_110' title='bbox 1465 1636 1512 1696; x_wconf 79' lang='lat' dir='ltr'>ita</span> <span class='ocrx_word' id='word_1_111' title='bbox 1521 1631 1660 1697; x_wconf 80' lang='lat' dir='ltr'>homines</span> <span class='ocrx_word' id='word_1_112' title='bbox 1669 1637 1803 1717; x_wconf 75' lang='lat' dir='ltr'>insanire</span> <span class='ocrx_word' id='word_1_113' title='bbox 1810 1654 1874 1718; x_wconf 86' lang='lat' dir='ltr'>par</span> <span class='ocrx_word' id='word_1_114' title='bbox 1889 1634 1937 1721; x_wconf 77' lang='lat' dir='ltr'>est,</span> <span class='ocrx_word' id='word_1_115' title='bbox 1952 1652 1991 1700; x_wconf 86' lang='lat' dir='ltr'>vt</span> <span class='ocrx_word' id='word_1_116' title='bbox 2003 1638 2072 1701; x_wconf 80' lang='lat' dir='ltr'>alia</span> 
     </span>
     <span class='ocr_line' id='line_1_13' title="bbox 560 1717 2073 1803; baseline 0.001 -16"><span class='ocrx_word' id='word_1_117' title='bbox 560 1717 699 1799; x_wconf 79' lang='lat' dir='ltr'>friuolis,</span> <span class='ocrx_word' id='word_1_118' title='bbox 710 1738 749 1783; x_wconf 88' lang='lat' dir='ltr'>ac</span> <span class='ocrx_word' id='word_1_119' title='bbox 760 1720 903 1785; x_wconf 87' lang='lat' dir='ltr'>minutiis</span> <span class='ocrx_word' id='word_1_120' title='bbox 916 1718 1090 1800; x_wconf 85' lang='lat' dir='ltr'>inhaerete,</span> <span class='ocrx_word' id='word_1_121' title='bbox 1098 1721 1178 1787; x_wconf 86' lang='lat' dir='ltr'>alios</span> <span class='ocrx_word' id='word_1_122' title='bbox 1189 1722 1297 1785; x_wconf 90' lang='lat' dir='ltr'>onmi-</span> <span class='ocrx_word' id='word_1_123' title='bbox 1340 1722 1447 1783; x_wconf 82' lang='lat' dir='ltr'>omnia</span> <span class='ocrx_word' id='word_1_124' title='bbox 1464 1739 1544 1803; x_wconf 78' lang='lat' dir='ltr'>pree</span> <span class='ocrx_word' id='word_1_125' title='bbox 1564 1719 1677 1785; x_wconf 83' lang='lat' dir='ltr'>litteris</span> <span class='ocrx_word' id='word_1_126' title='bbox 1695 1720 1950 1803; x_wconf 75' lang='lat' dir='ltr'><em>humanioribus,</em></span> <span class='ocrx_word' id='word_1_127' title='bbox 1974 1738 2073 1789; x_wconf 88' lang='lat' dir='ltr'>eontr-</span> 
     </span>
     <span class='ocr_line' id='line_1_14' title="bbox 563 1805 2074 1893; baseline 0.001 -22"><span class='ocrx_word' id='word_1_128' title='bbox 563 1829 608 1875; x_wconf 88' lang='lat' dir='ltr'>no</span> <span class='ocrx_word' id='word_1_129' title='bbox 624 1805 719 1891; x_wconf 89' lang='lat' dir='ltr'>super</span> <span class='ocrx_word' id='word_1_130' title='bbox 733 1806 772 1869; x_wconf 83' lang='lat' dir='ltr'>iis</span> <span class='ocrx_word' id='word_1_131' title='bbox 785 1826 861 1871; x_wconf 90' lang='lat' dir='ltr'>cum</span> <span class='ocrx_word' id='word_1_132' title='bbox 871 1805 1143 1873; x_wconf 86' lang='lat' dir='ltr'>aliiscontendert</span> <span class='ocrx_word' id='word_1_133' title='bbox 1158 1828 1196 1872; x_wconf 85' lang='lat' dir='ltr'>ac</span> <span class='ocrx_word' id='word_1_134' title='bbox 1206 1806 1298 1873; x_wconf 85' lang='lat' dir='ltr'>alter·</span> <span class='ocrx_word' id='word_1_135' title='bbox 1340 1806 2074 1893; x_wconf 72' lang='lat' dir='ltr'>nrnant,ieriseonfirltosqee,philofiplros&amp;theo·</span> 
     </span>
     <span class='ocr_line' id='line_1_15' title="bbox 562 1888 2075 1983; baseline 0 -22"><span class='ocrx_word' id='word_1_136' title='bbox 562 1894 646 1969; x_wconf 67' lang='lat' dir='ltr'>carii</span> <span class='ocrx_word' id='word_1_137' title='bbox 661 1888 772 1958; x_wconf 86' lang='lat' dir='ltr'>videas</span> <span class='ocrx_word' id='word_1_138' title='bbox 786 1888 916 1960; x_wconf 89' lang='lat' dir='ltr'>eosdem</span> <span class='ocrx_word' id='word_1_139' title='bbox 928 1896 1083 1961; x_wconf 85' lang='lat' dir='ltr'>conuiciis</span> <span class='ocrx_word' id='word_1_140' title='bbox 1099 1888 1298 1969; x_wconf 85' lang='lat' dir='ltr'>atrocissimis</span> <span class='ocrx_word' id='word_1_141' title='bbox 1341 1894 1435 1981; x_wconf 80' lang='lat' dir='ltr'>logos,</span> <span class='ocrx_word' id='word_1_142' title='bbox 1450 1894 1504 1977; x_wconf 83' lang='lat' dir='ltr'>qni</span> <span class='ocrx_word' id='word_1_143' title='bbox 1505 1896 1655 1977; x_wconf 75' lang='lat' dir='ltr'>scientias</span> <span class='ocrx_word' id='word_1_144' title='bbox 1660 1938 1673 1974; x_wconf 89' lang='lat'><em>‚</em></span> <span class='ocrx_word' id='word_1_145' title='bbox 1689 1915 1768 1978; x_wconf 77' lang='lat' dir='ltr'>quas</span> <span class='ocrx_word' id='word_1_146' title='bbox 1780 1897 1983 1983; x_wconf 83' lang='lat' dir='ltr'>profitentur,</span> <span class='ocrx_word' id='word_1_147' title='bbox 2002 1896 2075 1963; x_wconf 64' lang='lat' dir='ltr'>dii,</span> 
     </span>
     <span class='ocr_line' id='line_1_16' title="bbox 562 1976 2075 2067; baseline 0.001 -22"><span class='ocrx_word' id='word_1_148' title='bbox 562 1980 593 2051; x_wconf 85' lang='lat' dir='ltr'>se</span> <span class='ocrx_word' id='word_1_149' title='bbox 612 1980 760 2045; x_wconf 88' lang='lat' dir='ltr'>inuicem</span> <span class='ocrx_word' id='word_1_150' title='bbox 781 1976 1004 2063; x_wconf 89' lang='lat' dir='ltr'>proscindere,</span> <span class='ocrx_word' id='word_1_151' title='bbox 1020 1979 1100 2045; x_wconf 86' lang='lat' dir='ltr'>alios</span> <span class='ocrx_word' id='word_1_152' title='bbox 1115 1979 1194 2046; x_wconf 89' lang='lat' dir='ltr'>fastu</span> <span class='ocrx_word' id='word_1_153' title='bbox 1214 2002 1298 2065; x_wconf 85' lang='lat' dir='ltr'>quo·</span> <span class='ocrx_word' id='word_1_154' title='bbox 1335 1982 1460 2066; x_wconf 85' lang='lat' dir='ltr'>gentius</span> <span class='ocrx_word' id='word_1_155' title='bbox 1474 1980 1623 2055; x_wconf 86' lang='lat' dir='ltr'>excolunt,</span> <span class='ocrx_word' id='word_1_156' title='bbox 1637 2002 1731 2067; x_wconf 84' lang='lat' dir='ltr'>quarn</span> <span class='ocrx_word' id='word_1_157' title='bbox 1745 1982 1837 2059; x_wconf 79' lang='lat' dir='ltr'>elias,</span> <span class='ocrx_word' id='word_1_158' title='bbox 1859 1982 1948 2065; x_wconf 78' lang='lat' dir='ltr'>quast</span> <span class='ocrx_word' id='word_1_159' title='bbox 1962 1984 2075 2052; x_wconf 77' lang='lat' dir='ltr'>viliore</span> 
     </span>
     <span class='ocr_line' id='line_1_17' title="bbox 565 2062 2075 2153; baseline -0.001 -18"><span class='ocrx_word' id='word_1_160' title='bbox 565 2065 642 2135; x_wconf 61' lang='lat' dir='ltr'>mm</span> <span class='ocrx_word' id='word_1_161' title='bbox 661 2062 883 2151; x_wconf 79' lang='lat' dir='ltr'>paedagogice</span> <span class='ocrx_word' id='word_1_162' title='bbox 898 2068 941 2130; x_wconf 88' lang='lat' dir='ltr'>ita</span> <span class='ocrx_word' id='word_1_163' title='bbox 957 2066 987 2131; x_wconf 87' lang='lat' dir='ltr'>se</span> <span class='ocrx_word' id='word_1_164' title='bbox 1003 2067 1130 2147; x_wconf 82' lang='lat' dir='ltr'>efferre,</span> <span class='ocrx_word' id='word_1_165' title='bbox 1151 2086 1187 2131; x_wconf 82' lang='lat' dir='ltr'>vt</span> <span class='ocrx_word' id='word_1_166' title='bbox 1202 2067 1298 2133; x_wconf 89' lang='lat' dir='ltr'>risum</span> <span class='ocrx_word' id='word_1_167' title='bbox 1341 2068 1466 2153; x_wconf 81' lang='lat' dir='ltr'>ingenie</span> <span class='ocrx_word' id='word_1_168' title='bbox 1482 2065 1629 2131; x_wconf 58' lang='lat' dir='ltr'>irritent.</span> <span class='ocrx_word' id='word_1_169' title='bbox 1678 2069 2075 2134; x_wconf 83' lang='lat' dir='ltr'>Tumoeroalioromnetin</span> 
     </span>
     <span class='ocr_line' id='line_1_18' title="bbox 565 2150 2076 2241; baseline -0.002 -19"><span class='ocrx_word' id='word_1_170' title='bbox 565 2156 733 2223; x_wconf 74' lang='lat' dir='ltr'>excutiant</span> <span class='ocrx_word' id='word_1_171' title='bbox 745 2151 1010 2237; x_wconf 75' lang='lat' dir='ltr'>sapientioribus,</span> <span class='ocrx_word' id='word_1_172' title='bbox 1033 2151 1208 2219; x_wconf 86' lang='lat' dir='ltr'>aliosaliud</span> <span class='ocrx_word' id='word_1_173' title='bbox 1221 2150 1298 2237; x_wconf 91' lang='lat' dir='ltr'>quid</span> <span class='ocrx_word' id='word_1_174' title='bbox 1330 2154 1368 2239; x_wconf 86' lang='lat' dir='ltr'>se</span> <span class='ocrx_word' id='word_1_175' title='bbox 1391 2154 1564 2237; x_wconf 73' lang='lat' dir='ltr'>confingere</span> <span class='ocrx_word' id='word_1_176' title='bbox 1586 2170 1714 2239; x_wconf 82' lang='lat' dir='ltr'>cogent,</span> <span class='ocrx_word' id='word_1_177' title='bbox 1732 2156 1771 2227; x_wconf 62' lang='lat' dir='ltr'>cs</span> <span class='ocrx_word' id='word_1_178' title='bbox 1778 2156 2076 2241; x_wconf 81' lang='lat' dir='ltr'>paedagogicttmste-</span> 
     </span>
     <span class='ocr_line' id='line_1_19' title="bbox 568 2238 2077 2331; baseline 0.001 -24"><span class='ocrx_word' id='word_1_179' title='bbox 568 2238 739 2326; x_wconf 77' lang='lat' dir='ltr'>designare,</span> <span class='ocrx_word' id='word_1_180' title='bbox 752 2259 964 2325; x_wconf 87' lang='lat' dir='ltr'>quoomnem</span> <span class='ocrx_word' id='word_1_181' title='bbox 975 2242 1113 2320; x_wconf 89' lang='lat' dir='ltr'>virtutis,</span> <span class='ocrx_word' id='word_1_182' title='bbox 1127 2262 1164 2305; x_wconf 90' lang='lat' dir='ltr'>ac</span> <span class='ocrx_word' id='word_1_183' title='bbox 1179 2240 1209 2304; x_wconf 86' lang='lat' dir='ltr'>sa</span> <span class='ocrx_word' id='word_1_184' title='bbox 1234 2245 1300 2305; x_wconf 88' lang='lat' dir='ltr'>ien-</span> <span class='ocrx_word' id='word_1_185' title='bbox 1340 2238 1502 2326; x_wconf 72' lang='lat' dir='ltr'>percisum</span> <span class='ocrx_word' id='word_1_186' title='bbox 1514 2241 1710 2322; x_wconf 80' lang='lat' dir='ltr'><em>exprobrare.</em></span> <span class='ocrx_word' id='word_1_187' title='bbox 1767 2248 1814 2307; x_wconf 89' lang='lat' dir='ltr'>Ac</span> <span class='ocrx_word' id='word_1_188' title='bbox 1815 2244 1898 2322; x_wconf 82' lang='lat' dir='ltr'>sane</span> <span class='ocrx_word' id='word_1_189' title='bbox 1903 2243 2077 2331; x_wconf 71' lang='lat' dir='ltr'>paedagogi</span> 
     </span>
     <span class='ocr_line' id='line_1_20' title="bbox 568 2262 2077 2414; baseline -0.002 -18"><span class='ocrx_word' id='word_1_190' title='bbox 568 2330 631 2396; x_wconf 82' lang='lat' dir='ltr'>tiae</span> <span class='ocrx_word' id='word_1_191' title='bbox 643 2323 775 2391; x_wconf 89' lang='lat' dir='ltr'>laudem</span> <span class='ocrx_word' id='word_1_192' title='bbox 787 2328 947 2392; x_wconf 87' lang='lat' dir='ltr'>amittant.</span> <span class='ocrx_word' id='word_1_193' title='bbox 1012 2328 1059 2392; x_wconf 87' lang='lat' dir='ltr'>lta</span> <span class='ocrx_word' id='word_1_194' title='bbox 1073 2323 1188 2413; x_wconf 81' lang='lat' dir='ltr'>ergosr</span> <span class='ocrx_word' id='word_1_195' title='bbox 1207 2262 1301 2411; x_wconf 50' lang='lat' dir='ltr'>fige·</span> <span class='ocrx_word' id='word_1_196' title='bbox 1343 2325 1393 2414; x_wconf 81' lang='lat' dir='ltr'>est,</span> <span class='ocrx_word' id='word_1_197' title='bbox 1407 2345 1456 2389; x_wconf 88' lang='lat' dir='ltr'>res</span> <span class='ocrx_word' id='word_1_198' title='bbox 1466 2326 1626 2409; x_wconf 80' lang='lat' dir='ltr'>spernere,</span> <span class='ocrx_word' id='word_1_199' title='bbox 1643 2328 1717 2391; x_wconf 67' lang='lat' dir='ltr'>tunt</span> <span class='ocrx_word' id='word_1_200' title='bbox 1735 2329 1834 2393; x_wconf 81' lang='lat' dir='ltr'>verba</span> <span class='ocrx_word' id='word_1_201' title='bbox 1847 2330 2010 2411; x_wconf 67' lang='lat' dir='ltr'>colenturj</span> <span class='ocrx_word' id='word_1_202' title='bbox 2026 2351 2077 2393; x_wconf 85' lang='lat' dir='ltr'>tr-</span> 
     </span>
     <span class='ocr_line' id='line_1_21' title="bbox 566 2410 2081 2501; baseline 0.001 -23"><span class='ocrx_word' id='word_1_203' title='bbox 566 2428 660 2493; x_wconf 88' lang='lat' dir='ltr'>runt,</span> <span class='ocrx_word' id='word_1_204' title='bbox 680 2410 765 2501; x_wconf 87' lang='lat' dir='ltr'>quid</span> <span class='ocrx_word' id='word_1_205' title='bbox 785 2411 944 2485; x_wconf 85' lang='lat' dir='ltr'>mirumst</span> <span class='ocrx_word' id='word_1_206' title='bbox 958 2413 1157 2481; x_wconf 78' lang='lat' dir='ltr'>Maecenates</span> <span class='ocrx_word' id='word_1_207' title='bbox 1172 2411 1302 2479; x_wconf 87' lang='lat' dir='ltr'>tandem</span> <span class='ocrx_word' id='word_1_208' title='bbox 1344 2430 1433 2491; x_wconf 79' lang='lat' dir='ltr'>rare,</span> <span class='ocrx_word' id='word_1_209' title='bbox 1463 2428 1499 2473; x_wconf 87' lang='lat' dir='ltr'>tet</span> <span class='ocrx_word' id='word_1_210' title='bbox 1509 2428 1674 2475; x_wconf 82' lang='lat' dir='ltr'>teneantur</span> <span class='ocrx_word' id='word_1_211' title='bbox 1686 2415 1808 2499; x_wconf 80' lang='lat' dir='ltr'>linguae</span> <span class='ocrx_word' id='word_1_212' title='bbox 1825 2432 1986 2495; x_wconf 83' lang='lat' dir='ltr'>mortuae,</span> <span class='ocrx_word' id='word_1_213' title='bbox 1999 2420 2081 2480; x_wconf 83' lang='lat' dir='ltr'>riter</span> 
     </span>
     <span class='ocr_line' id='line_1_22' title="bbox 535 2496 2081 2586; baseline -0.003 -15"><span class='ocrx_word' id='word_1_214' title='bbox 535 2560 541 2571; x_wconf 76' lang='grc'>,</span> <span class='ocrx_word' id='word_1_215' title='bbox 567 2497 691 2577; x_wconf 82' lang='lat' dir='ltr'>defiat,</span> <span class='ocrx_word' id='word_1_216' title='bbox 712 2502 770 2585; x_wconf 89' lang='lat' dir='ltr'>qui</span> <span class='ocrx_word' id='word_1_217' title='bbox 784 2496 916 2566; x_wconf 86' lang='lat' dir='ltr'>istarum</span> <span class='ocrx_word' id='word_1_218' title='bbox 935 2501 1112 2567; x_wconf 80' lang='lat' dir='ltr'>litterarum</span> <span class='ocrx_word' id='word_1_219' title='bbox 1125 2500 1302 2585; x_wconf 74' lang='lat' dir='ltr'>suscipiant</span> <span class='ocrx_word' id='word_1_220' title='bbox 1347 2500 1386 2567; x_wconf 62' lang='grc' dir='ltr'><em>ὅ</em></span> <span class='ocrx_word' id='word_1_221' title='bbox 1398 2518 1499 2561; x_wconf 88' lang='lat' dir='ltr'>mores</span> <span class='ocrx_word' id='word_1_222' title='bbox 1520 2498 1657 2579; x_wconf 78' lang='lat' dir='ltr'>obfirleti,</span> <span class='ocrx_word' id='word_1_223' title='bbox 1677 2501 1834 2585; x_wconf 84' lang='lat' dir='ltr'>opiniones</span> <span class='ocrx_word' id='word_1_224' title='bbox 1851 2502 1965 2565; x_wconf 77' lang='lat' dir='ltr'>dudem</span> <span class='ocrx_word' id='word_1_225' title='bbox 1978 2504 2081 2586; x_wconf 87' lang='lat' dir='ltr'>explo-</span> 
     </span>
     <span class='ocr_line' id='line_1_23' title="bbox 568 2582 2079 2677; baseline 0 -24"><span class='ocrx_word' id='word_1_226' title='bbox 568 2590 802 2677; x_wconf 87' lang='lat' dir='ltr'>patrocinium.</span> <span class='ocrx_word' id='word_1_227' title='bbox 855 2584 980 2651; x_wconf 79' lang='lat' dir='ltr'>Poffenr</span> <span class='ocrx_word' id='word_1_228' title='bbox 993 2585 1042 2652; x_wconf 88' lang='lat' dir='ltr'>his</span> <span class='ocrx_word' id='word_1_229' title='bbox 1057 2589 1092 2655; x_wconf 70' lang='grc' dir='ltr'>ὅ(</span> <span class='ocrx_word' id='word_1_230' title='bbox 1105 2588 1197 2673; x_wconf 90' lang='lat' dir='ltr'>plura</span> <span class='ocrx_word' id='word_1_231' title='bbox 1207 2582 1303 2660; x_wconf 80' lang='lat' dir='ltr'>addi3</span> <span class='ocrx_word' id='word_1_232' title='bbox 1337 2587 1404 2671; x_wconf 77' lang='lat' dir='ltr'>fiee,</span> <span class='ocrx_word' id='word_1_233' title='bbox 1425 2582 1567 2669; x_wconf 76' lang='lat' dir='ltr'>historiae</span> <span class='ocrx_word' id='word_1_234' title='bbox 1591 2605 1670 2668; x_wconf 82' lang='lat' dir='ltr'>quae</span> <span class='ocrx_word' id='word_1_235' title='bbox 1683 2586 1728 2649; x_wconf 79' lang='lat' dir='ltr'>ad</span> <span class='ocrx_word' id='word_1_236' title='bbox 1743 2606 1802 2650; x_wconf 90' lang='lat' dir='ltr'>nos</span> <span class='ocrx_word' id='word_1_237' title='bbox 1822 2586 1905 2651; x_wconf 83' lang='lat' dir='ltr'>nibil</span> <span class='ocrx_word' id='word_1_238' title='bbox 1911 2591 2079 2671; x_wconf 85' lang='lat' dir='ltr'>pertinent,</span> 
     </span>
     <span class='ocr_line' id='line_1_24' title="bbox 566 2670 2078 2755; baseline -0.003 -11"><span class='ocrx_word' id='word_1_239' title='bbox 566 2673 623 2745; x_wconf 87' lang='lat' dir='ltr'>sed</span> <span class='ocrx_word' id='word_1_240' title='bbox 637 2674 988 2741; x_wconf 67' lang='lat' dir='ltr'>duriusiisimmorari</span> <span class='ocrx_word' id='word_1_241' title='bbox 1001 2674 1166 2740; x_wconf 89' lang='lat' dir='ltr'>nonlicet.</span> <span class='ocrx_word' id='word_1_242' title='bbox 1209 2676 1305 2739; x_wconf 90' lang='lat' dir='ltr'>Non·</span> <span class='ocrx_word' id='word_1_243' title='bbox 1349 2672 1422 2735; x_wconf 86' lang='lat' dir='ltr'>dum</span> <span class='ocrx_word' id='word_1_244' title='bbox 1436 2670 1573 2751; x_wconf 73' lang='lat' dir='ltr'>derebus</span> <span class='ocrx_word' id='word_1_245' title='bbox 1587 2670 1664 2755; x_wconf 84' lang='lat' dir='ltr'>ipfis,</span> <span class='ocrx_word' id='word_1_246' title='bbox 1679 2673 1775 2736; x_wconf 80' lang='lat' dir='ltr'>etiarn</span> <span class='ocrx_word' id='word_1_247' title='bbox 1783 2676 1913 2736; x_wconf 80' lang='lat' dir='ltr'>maximi</span> <span class='ocrx_word' id='word_1_248' title='bbox 1919 2680 2078 2755; x_wconf 83' lang='lat' dir='ltr'>momenti,</span> 
     </span>
     <span class='ocr_line' id='line_1_25' title="bbox 569 2754 2082 2847; baseline 0 -20"><span class='ocrx_word' id='word_1_249' title='bbox 569 2760 1019 2831; x_wconf 75' lang='lat' dir='ltr'>nubasexveriscalamitatis</span> <span class='ocrx_word' id='word_1_250' title='bbox 1033 2754 1244 2828; x_wconf 80' lang='lat' dir='ltr'>istiuscaulsrs</span> <span class='ocrx_word' id='word_1_251' title='bbox 1257 2779 1307 2825; x_wconf 91' lang='lat' dir='ltr'>re·</span> <span class='ocrx_word' id='word_1_252' title='bbox 1349 2758 1534 2822; x_wconf 81' lang='lat' dir='ltr'>ratiocinari</span> <span class='ocrx_word' id='word_1_253' title='bbox 1554 2760 1678 2842; x_wconf 80' lang='lat' dir='ltr'>nequit,</span> <span class='ocrx_word' id='word_1_254' title='bbox 1700 2760 1773 2823; x_wconf 85' lang='lat' dir='ltr'>dnm</span> <span class='ocrx_word' id='word_1_255' title='bbox 1789 2761 1888 2843; x_wconf 88' lang='lat' dir='ltr'>perite</span> <span class='ocrx_word' id='word_1_256' title='bbox 1900 2760 2008 2847; x_wconf 83' lang='lat' dir='ltr'>lingua</span> <span class='ocrx_word' id='word_1_257' title='bbox 2019 2764 2082 2846; x_wconf 83' lang='lat' dir='ltr'>fite</span> 
     </span>
     <span class='ocr_line' id='line_1_26' title="bbox 573 2844 2081 2935; baseline -0.002 -18"><span class='ocrx_word' id='word_1_258' title='bbox 573 2850 628 2917; x_wconf 72' lang='lat' dir='ltr'>ste</span> <span class='ocrx_word' id='word_1_259' title='bbox 659 2844 777 2913; x_wconf 72' lang='lat' dir='ltr'>deerit</span> <span class='ocrx_word' id='word_1_260' title='bbox 811 2846 1177 2925; x_wconf 73' lang='lat' dir='ltr'>10.cuaarcvs,leco</span> <span class='ocrx_word' id='word_1_261' title='bbox 1213 2864 1308 2915; x_wconf 82' lang='lat' dir='ltr'>antea</span> <span class='ocrx_word' id='word_1_262' title='bbox 1351 2846 1397 2910; x_wconf 86' lang='lat' dir='ltr'>eti</span> <span class='ocrx_word' id='word_1_263' title='bbox 1408 2845 1509 2925; x_wconf 83' lang='lat' dir='ltr'>nestit,</span> <span class='ocrx_word' id='word_1_264' title='bbox 1530 2844 1605 2907; x_wconf 80' lang='lat' dir='ltr'>ditm</span> <span class='ocrx_word' id='word_1_265' title='bbox 1624 2847 1850 2927; x_wconf 80' lang='lat' dir='ltr'>confltetudines</span> <span class='ocrx_word' id='word_1_266' title='bbox 1868 2868 2025 2935; x_wconf 87' lang='lat' dir='ltr'>moresque</span> <span class='ocrx_word' id='word_1_267' title='bbox 2038 2848 2081 2913; x_wconf 86' lang='lat' dir='ltr'>ci-</span> 
     </span>
     <span class='ocr_line' id='line_1_27' title="bbox 571 2931 2083 3021; baseline -0.002 -18"><span class='ocrx_word' id='word_1_268' title='bbox 571 2942 689 3007; x_wconf 74' lang='lat' dir='ltr'>citatoe</span> <span class='ocrx_word' id='word_1_269' title='bbox 709 2934 767 3019; x_wconf 89' lang='lat' dir='ltr'>qui</span> <span class='ocrx_word' id='word_1_270' title='bbox 786 2932 823 2999; x_wconf 77' lang='lat' dir='ltr'>dc</span> <span class='ocrx_word' id='word_1_271' title='bbox 842 2936 878 2997; x_wconf 89' lang='lat' dir='ltr'>in</span> <span class='ocrx_word' id='word_1_272' title='bbox 888 2931 979 3014; x_wconf 79' lang='lat' dir='ltr'>stitis</span> <span class='ocrx_word' id='word_1_273' title='bbox 999 2932 1209 3019; x_wconf 73' lang='lat' dir='ltr'>philologieis,</span> <span class='ocrx_word' id='word_1_274' title='bbox 1227 2952 1307 3021; x_wconf 83' lang='lat' dir='ltr'>quas</span> <span class='ocrx_word' id='word_1_275' title='bbox 1350 2932 1802 3016; x_wconf 82' lang='lat' dir='ltr'>vitatisfltat,popttlortemque</span> <span class='ocrx_word' id='word_1_276' title='bbox 1816 2934 1985 2998; x_wconf 79' lang='lat' dir='ltr'>vicinorum</span> <span class='ocrx_word' id='word_1_277' title='bbox 1997 2936 2083 3021; x_wconf 53' lang='lat' dir='ltr'>&amp;no-</span> 
     </span>
     <span class='ocr_line' id='line_1_28' title="bbox 574 3016 2085 3107; baseline -0.005 -16"><span class='ocrx_word' id='word_1_278' title='bbox 574 3040 678 3091; x_wconf 81' lang='lat' dir='ltr'>aesc</span> <span class='ocrx_word' id='word_1_279' title='bbox 688 3039 782 3085; x_wconf 69' lang='lat' dir='ltr'>aaut</span> <span class='ocrx_word' id='word_1_280' title='bbox 791 3039 807 3081; x_wconf 91' lang='lat' dir='ltr'>s</span> <span class='ocrx_word' id='word_1_281' title='bbox 816 3019 1025 3105; x_wconf 66' lang='lat' dir='ltr'>reintegraret</span> <span class='ocrx_word' id='word_1_282' title='bbox 1034 3017 1138 3097; x_wconf 86' lang='lat' dir='ltr'>editis,</span> <span class='ocrx_word' id='word_1_283' title='bbox 1153 3016 1307 3097; x_wconf 80' lang='lat' dir='ltr'>adiunxit,</span> <span class='ocrx_word' id='word_1_284' title='bbox 1349 3033 1414 3096; x_wconf 82' lang='lat' dir='ltr'>ret,</span> <span class='ocrx_word' id='word_1_285' title='bbox 1430 3017 1504 3081; x_wconf 84' lang='lat' dir='ltr'>dum</span> <span class='ocrx_word' id='word_1_286' title='bbox 1514 3019 1704 3100; x_wconf 83' lang='lat' dir='ltr'>opinionum,</span> <span class='ocrx_word' id='word_1_287' title='bbox 1723 3039 1803 3103; x_wconf 83' lang='lat' dir='ltr'>quae</span> <span class='ocrx_word' id='word_1_288' title='bbox 1812 3040 1894 3083; x_wconf 86' lang='lat' dir='ltr'>nttnt</span> <span class='ocrx_word' id='word_1_289' title='bbox 1907 3022 2030 3106; x_wconf 62' lang='lat' dir='ltr'>eripient,</span> <span class='ocrx_word' id='word_1_290' title='bbox 2044 3022 2085 3107; x_wconf 80' lang='lat' dir='ltr'>est</span> 
     </span>
     <span class='ocr_line' id='line_1_29' title="bbox 572 3100 2084 3193; baseline 0 -20"><span class='ocrx_word' id='word_1_291' title='bbox 572 3106 629 3177; x_wconf 78' lang='lat' dir='ltr'>lib.</span> <span class='ocrx_word' id='word_1_292' title='bbox 640 3112 666 3173; x_wconf 90' lang='lat'>1.</span> <span class='ocrx_word' id='word_1_293' title='bbox 685 3126 715 3171; x_wconf 85' lang='lat' dir='ltr'>e.</span> <span class='ocrx_word' id='word_1_294' title='bbox 726 3109 750 3168; x_wconf 92' lang='lat'>1.</span> <span class='ocrx_word' id='word_1_295' title='bbox 769 3100 836 3169; x_wconf 84' lang='lat' dir='ltr'>ltoc</span> <span class='ocrx_word' id='word_1_296' title='bbox 862 3123 1085 3193; x_wconf 80' lang='lat' dir='ltr'>argumentum</span> <span class='ocrx_word' id='word_1_297' title='bbox 1108 3104 1238 3184; x_wconf 72' lang='lat' dir='ltr'>tranat,</span> <span class='ocrx_word' id='word_1_298' title='bbox 1265 3105 1310 3169; x_wconf 89' lang='lat' dir='ltr'>sa-</span> <span class='ocrx_word' id='word_1_299' title='bbox 1353 3104 1524 3188; x_wconf 84' lang='lat' dir='ltr'>imperitus,</span> <span class='ocrx_word' id='word_1_300' title='bbox 1543 3123 1598 3167; x_wconf 85' lang='lat' dir='ltr'>nec</span> <span class='ocrx_word' id='word_1_301' title='bbox 1617 3108 1795 3168; x_wconf 78' lang='lat' dir='ltr'>recentiores</span> <span class='ocrx_word' id='word_1_302' title='bbox 1815 3103 1958 3191; x_wconf 83' lang='lat' dir='ltr'>historias</span> <span class='ocrx_word' id='word_1_303' title='bbox 1975 3108 2084 3173; x_wconf 81' lang='lat' dir='ltr'>melier</span> 
     </span>
     <span class='ocr_line' id='line_1_30' title="bbox 573 3188 2084 3280; baseline 0.001 -23"><span class='ocrx_word' id='word_1_304' title='bbox 573 3189 955 3279; x_wconf 64' lang='lat' dir='ltr'>miscillumm,qui</span> <span class='ocrx_word' id='word_1_305' title='bbox 982 3191 1190 3259; x_wconf 89' lang='lat' dir='ltr'>humanitatis</span> <span class='ocrx_word' id='word_1_306' title='bbox 1209 3188 1311 3259; x_wconf 79' lang='lat' dir='ltr'>studia</span> <span class='ocrx_word' id='word_1_307' title='bbox 1351 3190 1453 3254; x_wconf 83' lang='lat' dir='ltr'>nouit.</span> <span class='ocrx_word' id='word_1_308' title='bbox 1497 3194 1596 3253; x_wconf 85' lang='lat' dir='ltr'>Nemo</span> <span class='ocrx_word' id='word_1_309' title='bbox 1612 3190 2084 3280; x_wconf 73' lang='lat' dir='ltr'>enirn,qninhaeclongemaio·</span> 
     </span>
     <span class='ocr_line' id='line_1_31' title="bbox 572 3274 2086 3367; baseline 0.001 -20"><span class='ocrx_word' id='word_1_310' title='bbox 572 3281 706 3367; x_wconf 83' lang='lat' dir='ltr'>reliquis</span> <span class='ocrx_word' id='word_1_311' title='bbox 717 3278 832 3343; x_wconf 82' lang='lat' dir='ltr'>litteris</span> <span class='ocrx_word' id='word_1_312' title='bbox 849 3278 1002 3345; x_wconf 77' lang='lat' dir='ltr'>ominbus</span> <span class='ocrx_word' id='word_1_313' title='bbox 1017 3281 1063 3347; x_wconf 91' lang='lat' dir='ltr'>ita</span> <span class='ocrx_word' id='word_1_314' title='bbox 1075 3276 1310 3363; x_wconf 65' lang='lat' dir='ltr'>praesentant</span> <span class='ocrx_word' id='word_1_315' title='bbox 1352 3277 1398 3339; x_wconf 90' lang='lat' dir='ltr'>ris</span> <span class='ocrx_word' id='word_1_316' title='bbox 1408 3274 1473 3357; x_wconf 78' lang='lat' dir='ltr'>sint</span> <span class='ocrx_word' id='word_1_317' title='bbox 1487 3278 1652 3357; x_wconf 84' lang='lat' dir='ltr'>momenti,</span> <span class='ocrx_word' id='word_1_318' title='bbox 1674 3279 1714 3346; x_wconf 60' lang='grc' dir='ltr'>Εἴ</span> <span class='ocrx_word' id='word_1_319' title='bbox 1733 3280 1843 3362; x_wconf 80' lang='lat' dir='ltr'>quibus</span> <span class='ocrx_word' id='word_1_320' title='bbox 1861 3295 1961 3346; x_wconf 86' lang='lat' dir='ltr'>cetera</span> <span class='ocrx_word' id='word_1_321' title='bbox 1980 3282 2086 3348; x_wconf 75' lang='lat' dir='ltr'>omnia</span> 
     </span>
     <span class='ocr_line' id='line_1_32' title="bbox 571 3363 2085 3459; baseline 0.003 -30"><span class='ocrx_word' id='word_1_322' title='bbox 571 3363 955 3453; x_wconf 75' lang='lat' dir='ltr'>haemgirosupercilio</span> <span class='ocrx_word' id='word_1_323' title='bbox 973 3382 1210 3443; x_wconf 82' lang='lat' dir='ltr'>conteramant,</span> <span class='ocrx_word' id='word_1_324' title='bbox 1239 3384 1310 3451; x_wconf 87' lang='lat' dir='ltr'>per-</span> <span class='ocrx_word' id='word_1_325' title='bbox 1341 3363 1538 3445; x_wconf 71' lang='lat' dir='ltr'>substratione</span> <span class='ocrx_word' id='word_1_326' title='bbox 1559 3378 1702 3451; x_wconf 85' lang='lat' dir='ltr'>oportet,</span> <span class='ocrx_word' id='word_1_327' title='bbox 1734 3366 1918 3451; x_wconf 76' lang='lat' dir='ltr'>dubitauit,</span> <span class='ocrx_word' id='word_1_328' title='bbox 1940 3367 1962 3433; x_wconf 88' lang='lat' dir='ltr'>l.</span> <span class='ocrx_word' id='word_1_329' title='bbox 1976 3388 2002 3437; x_wconf 89' lang='lat' dir='ltr'>c.</span> <span class='ocrx_word' id='word_1_330' title='bbox 2019 3386 2085 3459; x_wconf 83' lang='lat' dir='ltr'>cap.</span> 
     </span>
     <span class='ocr_line' id='line_1_33' title="bbox 572 3450 1422 3539; baseline -0.007 -20"><span class='ocrx_word' id='word_1_331' title='bbox 572 3452 711 3539; x_wconf 71' lang='lat' dir='ltr'>stringit.</span> <span class='ocrx_word' id='word_1_332' title='bbox 759 3452 852 3529; x_wconf 79' lang='lat' dir='ltr'>Vtile,</span> <span class='ocrx_word' id='word_1_333' title='bbox 865 3450 1237 3538; x_wconf 70' lang='lat' dir='ltr'>inquinestretpnlrlitee,</span> <span class='ocrx_word' id='word_1_334' title='bbox 1253 3453 1311 3515; x_wconf 87' lang='lat' dir='ltr'>irn-</span> <span class='ocrx_word' id='word_1_335' title='bbox 1351 3470 1422 3534; x_wconf 83' lang='lat'><em>144.</em></span> 
     </span>
    </p>

    <p class='ocr_par' dir='ltr' id='par_1_3' title="bbox 574 3537 1312 3624">
     <span class='ocr_line' id='line_1_34' title="bbox 574 3537 1312 3624; baseline -0.007 -17"><span class='ocrx_word' id='word_1_336' title='bbox 574 3560 629 3607; x_wconf 78' lang='lat' dir='ltr'>mo</span> <span class='ocrx_word' id='word_1_337' title='bbox 641 3542 680 3613; x_wconf 71' lang='lat' dir='ltr'>{s</span> <span class='ocrx_word' id='word_1_338' title='bbox 689 3537 969 3624; x_wconf 76' lang='lat' dir='ltr'>neceffarnon,effe,</span> <span class='ocrx_word' id='word_1_339' title='bbox 985 3541 1038 3623; x_wconf 83' lang='lat' dir='ltr'>qni</span> <span class='ocrx_word' id='word_1_340' title='bbox 1052 3559 1102 3605; x_wconf 79' lang='lat' dir='ltr'>ees</span> <span class='ocrx_word' id='word_1_341' title='bbox 1121 3540 1245 3606; x_wconf 81' lang='lat' dir='ltr'>litteras</span> <span class='ocrx_word' id='word_1_342' title='bbox 1256 3537 1312 3602; x_wconf 84' lang='lat' dir='ltr'>tie·</span> 
     </span>
    </p>

    <p class='ocr_par' dir='ltr' id='par_1_4' title="bbox 574 3644 2096 4245">
     <span class='ocr_line' id='line_1_35' title="bbox 687 3644 2089 3757; baseline 0 -32"><span class='ocrx_word' id='word_1_343' title='bbox 687 3666 719 3743; x_wconf 65' lang='lat'>5.</span> <span class='ocrx_word' id='word_1_344' title='bbox 746 3650 852 3725; x_wconf 88' lang='lat' dir='ltr'>Vlll.</span> <span class='ocrx_word' id='word_1_345' title='bbox 876 3648 1026 3727; x_wconf 81' lang='lat' dir='ltr'>Latinae</span> <span class='ocrx_word' id='word_1_346' title='bbox 1040 3674 1157 3752; x_wconf 88' lang='lat' dir='ltr'>porro</span> <span class='ocrx_word' id='word_1_347' title='bbox 1170 3668 1413 3751; x_wconf 81' lang='lat' dir='ltr'>graecaeque,</span> <span class='ocrx_word' id='word_1_348' title='bbox 1434 3644 1474 3723; x_wconf 89' lang='lat'>&amp;</span> <span class='ocrx_word' id='word_1_349' title='bbox 1498 3644 1621 3723; x_wconf 91' lang='lat' dir='ltr'>omnis</span> <span class='ocrx_word' id='word_1_350' title='bbox 1641 3644 1893 3757; x_wconf 80' lang='lat' dir='ltr'>antiquitatis,</span> <span class='ocrx_word' id='word_1_351' title='bbox 1910 3652 2089 3755; x_wconf 77' lang='lat' dir='ltr'>cognitio,</span> 
     </span>
     <span class='ocr_line' id='line_1_36' title="bbox 574 3744 2090 3851; baseline -0.007 -20"><span class='ocrx_word' id='word_1_352' title='bbox 574 3766 668 3831; x_wconf 84' lang='lat' dir='ltr'>cum</span> <span class='ocrx_word' id='word_1_353' title='bbox 682 3744 983 3851; x_wconf 83' lang='lat' dir='ltr'>exscriptoribus</span> <span class='ocrx_word' id='word_1_354' title='bbox 1022 3748 1194 3825; x_wconf 87' lang='lat' dir='ltr'>entilibus</span> <span class='ocrx_word' id='word_1_355' title='bbox 1208 3747 1422 3851; x_wconf 83' lang='lat' dir='ltr'>praecipue,</span> <span class='ocrx_word' id='word_1_356' title='bbox 1436 3768 1505 3821; x_wconf 91' lang='lat' dir='ltr'>ceu</span> <span class='ocrx_word' id='word_1_357' title='bbox 1519 3770 1569 3821; x_wconf 87' lang='lat' dir='ltr'>ex</span> <span class='ocrx_word' id='word_1_358' title='bbox 1591 3745 1762 3848; x_wconf 81' lang='lat' dir='ltr'>genuinis</span> <span class='ocrx_word' id='word_1_359' title='bbox 1782 3746 2090 3838; x_wconf 63' lang='lat' dir='ltr'>fonnbuahauri·</span> 
     </span>
     <span class='ocr_line' id='line_1_37' title="bbox 580 3773 2092 3947; baseline -0.003 -22"><span class='ocrx_word' id='word_1_360' title='bbox 580 3848 682 3925; x_wconf 82' lang='lat' dir='ltr'>enda</span> <span class='ocrx_word' id='word_1_361' title='bbox 694 3844 755 3931; x_wconf 85' lang='lat' dir='ltr'>srt;</span> <span class='ocrx_word' id='word_1_362' title='bbox 778 3846 916 3923; x_wconf 86' lang='lat' dir='ltr'>horum</span> <span class='ocrx_word' id='word_1_363' title='bbox 931 3773 1084 3947; x_wconf 69' lang='lat' dir='ltr'>quidem</span> <span class='ocrx_word' id='word_1_364' title='bbox 1097 3844 1417 3924; x_wconf 86' lang='lat' dir='ltr'>adhunccelinem</span> <span class='ocrx_word' id='word_1_365' title='bbox 1433 3840 1631 3919; x_wconf 69' lang='lat' dir='ltr'>lesiionem</span> <span class='ocrx_word' id='word_1_366' title='bbox 1646 3841 1875 3921; x_wconf 84' lang='lat' dir='ltr'>necessariam</span> <span class='ocrx_word' id='word_1_367' title='bbox 1889 3844 2092 3939; x_wconf 87' lang='lat' dir='ltr'>esse,nemo</span> 
     </span>
     <span class='ocr_line' id='line_1_38' title="bbox 582 3939 2094 4044; baseline -0.003 -22"><span class='ocrx_word' id='word_1_368' title='bbox 582 3943 776 4022; x_wconf 86' lang='lat' dir='ltr'>dubitabit.</span> <span class='ocrx_word' id='word_1_369' title='bbox 825 3944 946 4021; x_wconf 85' lang='lat' dir='ltr'>Caute</span> <span class='ocrx_word' id='word_1_370' title='bbox 961 3967 1087 4021; x_wconf 90' lang='lat' dir='ltr'>tamen</span> <span class='ocrx_word' id='word_1_371' title='bbox 1100 3944 1203 4023; x_wconf 81' lang='lat' dir='ltr'>sitntil</span> <span class='ocrx_word' id='word_1_372' title='bbox 1218 3944 1261 4023; x_wconf 91' lang='lat' dir='ltr'>in</span> <span class='ocrx_word' id='word_1_373' title='bbox 1275 3944 1319 4019; x_wconf 88' lang='lat' dir='ltr'>iis</span> <span class='ocrx_word' id='word_1_374' title='bbox 1335 3939 1574 4032; x_wconf 88' lang='lat' dir='ltr'>versandum,</span> <span class='ocrx_word' id='word_1_375' title='bbox 1589 3967 1647 4019; x_wconf 91' lang='lat' dir='ltr'>res</span> <span class='ocrx_word' id='word_1_376' title='bbox 1662 3940 1736 4044; x_wconf 89' lang='lat' dir='ltr'>ipsa</span> <span class='ocrx_word' id='word_1_377' title='bbox 1750 3940 1880 4034; x_wconf 87' lang='lat' dir='ltr'>docet,</span> <span class='ocrx_word' id='word_1_378' title='bbox 1894 3968 1943 4018; x_wconf 91' lang='lat' dir='ltr'>ne</span> <span class='ocrx_word' id='word_1_379' title='bbox 1966 3940 2094 4020; x_wconf 84' lang='lat' dir='ltr'>sensim</span> 
     </span>
     <span class='ocr_line' id='line_1_39' title="bbox 579 4039 2096 4154; baseline -0.001 -33"><span class='ocrx_word' id='word_1_380' title='bbox 579 4044 629 4121; x_wconf 77' lang='grc' dir='ltr'>δι</span> <span class='ocrx_word' id='word_1_381' title='bbox 641 4040 782 4154; x_wconf 81' lang='lat' dir='ltr'>placita,</span> <span class='ocrx_word' id='word_1_382' title='bbox 794 4040 831 4119; x_wconf 79' lang='grc' dir='ltr'>δι</span> <span class='ocrx_word' id='word_1_383' title='bbox 844 4067 969 4120; x_wconf 89' lang='lat' dir='ltr'>mores</span> <span class='ocrx_word' id='word_1_384' title='bbox 987 4043 1226 4120; x_wconf 87' lang='lat' dir='ltr'>ethnicorum</span> <span class='ocrx_word' id='word_1_385' title='bbox 1241 4039 1465 4119; x_wconf 87' lang='lat' dir='ltr'>adsumamus</span> <span class='ocrx_word' id='word_1_386' title='bbox 1479 4093 1490 4131; x_wconf 89' lang='lat'>,</span> <span class='ocrx_word' id='word_1_387' title='bbox 1513 4039 1738 4144; x_wconf 90' lang='lat' dir='ltr'>illorumque</span> <span class='ocrx_word' id='word_1_388' title='bbox 1753 4040 1862 4117; x_wconf 91' lang='lat' dir='ltr'>nobis</span> <span class='ocrx_word' id='word_1_389' title='bbox 1874 4041 2096 4146; x_wconf 84' lang='lat' dir='ltr'>itaplaceant</span> 
     </span>
     <span class='ocr_line' id='line_1_40' title="bbox 576 4137 1530 4245; baseline -0.005 -29"><span class='ocrx_word' id='word_1_390' title='bbox 576 4140 737 4243; x_wconf 78' lang='lat' dir='ltr'>scripta,</span> <span class='ocrx_word' id='word_1_391' title='bbox 753 4160 793 4215; x_wconf 81' lang='lat' dir='ltr'>vt</span> <span class='ocrx_word' id='word_1_392' title='bbox 808 4137 925 4217; x_wconf 72' lang='lat' dir='ltr'>berae</span> <span class='ocrx_word' id='word_1_393' title='bbox 937 4139 1127 4243; x_wconf 85' lang='lat' dir='ltr'>displicere</span> <span class='ocrx_word' id='word_1_394' title='bbox 1140 4141 1323 4245; x_wconf 84' lang='lat' dir='ltr'>incipiant</span> <span class='ocrx_word' id='word_1_395' title='bbox 1338 4139 1486 4215; x_wconf 89' lang='lat' dir='ltr'>litterae.</span> <span class='ocrx_word' id='word_1_396' title='bbox 1510 4143 1530 4180; x_wconf 81' lang='lat'><em>*</em></span> 
     </span>
    </p>

    <p class='ocr_par' dir='ltr' id='par_1_5' title="bbox 578 4255 2105 4847">
     <span class='ocr_line' id='line_1_41' title="bbox 578 4255 2097 4349; baseline 0.002 -25"><span class='ocrx_word' id='word_1_397' title='bbox 578 4286 582 4293; x_wconf 96' lang='lat'><em>·</em></span> <span class='ocrx_word' id='word_1_398' title='bbox 642 4284 649 4295; x_wconf 95' lang='lat'><strong>·</strong></span> <span class='ocrx_word' id='word_1_399' title='bbox 679 4264 701 4307; x_wconf 71' lang='lat'>⁸</span> <span class='ocrx_word' id='word_1_400' title='bbox 723 4258 812 4325; x_wconf 86' lang='lat' dir='ltr'>Cum</span> <span class='ocrx_word' id='word_1_401' title='bbox 823 4262 994 4349; x_wconf 77' lang='lat' dir='ltr'>gentilium</span> <span class='ocrx_word' id='word_1_402' title='bbox 1007 4255 1140 4349; x_wconf 83' lang='lat' dir='ltr'>scripta,</span> <span class='ocrx_word' id='word_1_403' title='bbox 1154 4258 1178 4329; x_wconf 85' lang='lat' dir='ltr'>st</span> <span class='ocrx_word' id='word_1_404' title='bbox 1197 4264 1324 4329; x_wconf 81' lang='lat' dir='ltr'>incaute</span> <span class='ocrx_word' id='word_1_405' title='bbox 1367 4260 1467 4325; x_wconf 90' lang='lat' dir='ltr'>moris</span> <span class='ocrx_word' id='word_1_406' title='bbox 1481 4258 1654 4323; x_wconf 84' lang='lat' dir='ltr'>tenaciores</span> <span class='ocrx_word' id='word_1_407' title='bbox 1669 4274 1769 4338; x_wconf 88' lang='lat' dir='ltr'>erant,</span> <span class='ocrx_word' id='word_1_408' title='bbox 1782 4258 1932 4340; x_wconf 88' lang='lat' dir='ltr'>alitteris,</span> <span class='ocrx_word' id='word_1_409' title='bbox 1942 4258 1977 4327; x_wconf 78' lang='lat' dir='ltr'>de</span> <span class='ocrx_word' id='word_1_410' title='bbox 1991 4256 2097 4345; x_wconf 79' lang='lat' dir='ltr'>philo·</span> 
     </span>
     <span class='ocr_line' id='line_1_42' title="bbox 580 4340 2101 4437; baseline -0.003 -18"><span class='ocrx_word' id='word_1_411' title='bbox 580 4346 843 4430; x_wconf 70' lang='lat' dir='ltr'>&#39;iniiseersemun</span> <span class='ocrx_word' id='word_1_412' title='bbox 853 4352 1035 4415; x_wconf 85' lang='lat' dir='ltr'>nonminus</span> <span class='ocrx_word' id='word_1_413' title='bbox 1045 4344 1324 4437; x_wconf 74' lang='lat' dir='ltr'>damnum·quam</span> <span class='ocrx_word' id='word_1_414' title='bbox 1357 4344 1482 4433; x_wconf 86' lang='lat' dir='ltr'>¹sophia</span> <span class='ocrx_word' id='word_1_415' title='bbox 1496 4344 1711 4423; x_wconf 88' lang='lat' dir='ltr'>Graecorum,</span> <span class='ocrx_word' id='word_1_416' title='bbox 1727 4340 1914 4430; x_wconf 86' lang='lat' dir='ltr'>adeoque&amp;</span> <span class='ocrx_word' id='word_1_417' title='bbox 1927 4368 1946 4411; x_wconf 89' lang='lat' dir='ltr'>a</span> <span class='ocrx_word' id='word_1_418' title='bbox 1961 4347 2101 4415; x_wconf 77' lang='lat' dir='ltr'>lefflone</span> 
     </span>
     <span class='ocr_line' id='line_1_43' title="bbox 588 4430 2100 4523; baseline -0.003 -20"><span class='ocrx_word' id='word_1_419' title='bbox 588 4430 817 4515; x_wconf 84' lang='lat' dir='ltr'>commodum,</span> <span class='ocrx_word' id='word_1_420' title='bbox 833 4432 952 4502; x_wconf 82' lang='lat' dir='ltr'>adferre</span> <span class='ocrx_word' id='word_1_421' title='bbox 966 4454 1105 4523; x_wconf 68' lang='lat' dir='ltr'>quemn</span> <span class='ocrx_word' id='word_1_422' title='bbox 1126 4438 1327 4502; x_wconf 89' lang='lat' dir='ltr'>mirumnon</span> <span class='ocrx_word' id='word_1_423' title='bbox 1367 4433 1525 4499; x_wconf 87' lang='lat' dir='ltr'>librorum</span> <span class='ocrx_word' id='word_1_424' title='bbox 1546 4431 1742 4517; x_wconf 84' lang='lat' dir='ltr'>gentilium,</span> <span class='ocrx_word' id='word_1_425' title='bbox 1764 4432 1861 4515; x_wconf 87' lang='lat' dir='ltr'>plane</span> <span class='ocrx_word' id='word_1_426' title='bbox 1876 4431 2100 4502; x_wconf 87' lang='lat' dir='ltr'>adhorrebant.</span> 
     </span>
     <span class='ocr_line' id='line_1_44' title="bbox 583 4512 2101 4609; baseline -0.004 -18"><span class='ocrx_word' id='word_1_427' title='bbox 583 4516 654 4604; x_wconf 66' lang='lat' dir='ltr'>est,</span> <span class='ocrx_word' id='word_1_428' title='bbox 665 4518 801 4589; x_wconf 69' lang='lat' dir='ltr'>boesas</span> <span class='ocrx_word' id='word_1_429' title='bbox 813 4520 939 4609; x_wconf 89' lang='lat' dir='ltr'>semper</span> <span class='ocrx_word' id='word_1_430' title='bbox 957 4524 1125 4603; x_wconf 87' lang='lat' dir='ltr'>virorum,</span> <span class='ocrx_word' id='word_1_431' title='bbox 1148 4544 1240 4590; x_wconf 89' lang='lat' dir='ltr'>verae</span> <span class='ocrx_word' id='word_1_432' title='bbox 1254 4522 1327 4589; x_wconf 90' lang='lat' dir='ltr'>reli-</span> <span class='ocrx_word' id='word_1_433' title='bbox 1367 4522 1406 4589; x_wconf 91' lang='lat' dir='ltr'>ln</span> <span class='ocrx_word' id='word_1_434' title='bbox 1422 4519 1558 4585; x_wconf 75' lang='lat' dir='ltr'>tranant</span> <span class='ocrx_word' id='word_1_435' title='bbox 1582 4512 1757 4583; x_wconf 89' lang='lat' dir='ltr'>mischnico</span> <span class='ocrx_word' id='word_1_436' title='bbox 1771 4517 1876 4600; x_wconf 66' lang='lat' dir='ltr'>spteh,</span> <span class='ocrx_word' id='word_1_437' title='bbox 1891 4540 1916 4585; x_wconf 92' lang='lat' dir='ltr'>c.</span> <span class='ocrx_word' id='word_1_438' title='bbox 1934 4523 1989 4585; x_wconf 80' lang='lat' dir='ltr'>Ill.</span> <span class='ocrx_word' id='word_1_439' title='bbox 2015 4539 2101 4585; x_wconf 79' lang='lat' dir='ltr'>narrt.</span> 
     </span>
     <span class='ocr_line' id='line_1_45' title="bbox 582 4602 2101 4689; baseline -0.005 -13"><span class='ocrx_word' id='word_1_440' title='bbox 582 4630 586 4635; x_wconf 89' lang='lat'>·</span> <span class='ocrx_word' id='word_1_441' title='bbox 612 4612 620 4623; x_wconf 92' lang='lat'>&#39;</span> <span class='ocrx_word' id='word_1_442' title='bbox 675 4606 928 4689; x_wconf 67' lang='lat' dir='ltr'>&#39;salinorum</span> <span class='ocrx_word' id='word_1_443' title='bbox 943 4606 983 4676; x_wconf 87' lang='lat' dir='ltr'>de</span> <span class='ocrx_word' id='word_1_444' title='bbox 1005 4606 1327 4677; x_wconf 85' lang='lat' dir='ltr'>iissuilsesententias.</span> <span class='ocrx_word' id='word_1_445' title='bbox 1368 4610 1457 4674; x_wconf 84' lang='lat' dir='ltr'><em>XIV.</em></span> <span class='ocrx_word' id='word_1_446' title='bbox 1472 4602 1616 4681; x_wconf 86' lang='lat' dir='ltr'>refertur,</span> <span class='ocrx_word' id='word_1_447' title='bbox 1632 4622 1705 4669; x_wconf 92' lang='lat' dir='ltr'>orto</span> <span class='ocrx_word' id='word_1_448' title='bbox 1715 4604 1801 4671; x_wconf 81' lang='lat' dir='ltr'>bello</span> <span class='ocrx_word' id='word_1_449' title='bbox 1809 4606 1884 4688; x_wconf 88' lang='lat' dir='ltr'>Titi,</span> <span class='ocrx_word' id='word_1_450' title='bbox 1892 4623 2022 4673; x_wconf 85' lang='lat' dir='ltr'>cautum</span> <span class='ocrx_word' id='word_1_451' title='bbox 2030 4605 2101 4683; x_wconf 84' lang='lat' dir='ltr'>esse,</span> 
     </span>
     <span class='ocr_line' id='line_1_46' title="bbox 584 4632 2105 4847; baseline -0.008 -82"><span class='ocrx_word' id='word_1_452' title='bbox 584 4632 682 4779; x_wconf 63' lang='lat' dir='ltr'>Em,</span> <span class='ocrx_word' id='word_1_453' title='bbox 709 4696 798 4785; x_wconf 84' lang='lat' dir='ltr'>ipsos</span> <span class='ocrx_word' id='word_1_454' title='bbox 818 4690 954 4767; x_wconf 71' lang='lat' dir='ltr'>rubeos</span> <span class='ocrx_word' id='word_1_455' title='bbox 975 4698 1044 4765; x_wconf 86' lang='lat' dir='ltr'>iam</span> <span class='ocrx_word' id='word_1_456' title='bbox 1058 4695 1157 4780; x_wconf 79' lang='lat' dir='ltr'>obiri,</span> <span class='ocrx_word' id='word_1_457' title='bbox 1176 4701 1233 4785; x_wconf 89' lang='lat' dir='ltr'>qui</span> <span class='ocrx_word' id='word_1_458' title='bbox 1239 4697 1337 4785; x_wconf 87' lang='lat' dir='ltr'>patrii</span> <span class='ocrx_word' id='word_1_459' title='bbox 1377 4690 1602 4847; x_wconf 53' lang='lat' dir='ltr'>nequirfilprrm</span> <span class='ocrx_word' id='word_1_460' title='bbox 1619 4692 1655 4756; x_wconf 91' lang='lat' dir='ltr'>in</span> <span class='ocrx_word' id='word_1_461' title='bbox 1669 4694 1861 4778; x_wconf 81' lang='lat' dir='ltr'>graecanicis</span> <span class='ocrx_word' id='word_1_462' title='bbox 1879 4693 2022 4760; x_wconf 80' lang='lat' dir='ltr'>erudiret.</span> <span class='ocrx_word' id='word_1_463' title='bbox 2066 4689 2105 4753; x_wconf 92' lang='lat' dir='ltr'>ln</span> 
     </span>
    </p>

    <p class='ocr_par' dir='ltr' id='par_1_6' title="bbox 1568 4794 2109 4862">
     <span class='ocr_line' id='line_1_47' title="bbox 1568 4794 2109 4862; baseline -0.011 -16"><span class='ocrx_word' id='word_1_464' title='bbox 1568 4796 1589 4846; x_wconf 81' lang='lat' dir='ltr'>a</span> <span class='ocrx_word' id='word_1_465' title='bbox 1974 4794 2109 4862; x_wconf 76' lang='lat' dir='ltr'>genera</span> 
     </span>
    </p>
   </div>
   <div class='ocr_carea' id='block_1_3' title="bbox 0 0 2691 5956">
    <p class='ocr_par' dir='ltr' id='par_1_7' title="bbox 0 0 2691 5956">
     <span class='ocr_line' id='line_1_48' title="bbox 0 0 2691 5956; baseline 0 0"><span class='ocrx_word' id='word_1_466' title='bbox 0 0 2691 5956; x_wconf 95' lang='lat' dir='ltr'> </span> 
     </span>
    </p>
   </div>
  </div>
 </body>
</html>
