5259 5967
493 796 496 801 ,
533 742 601 813 270
870 718 1006 792 trum
1036 720 1244 793 turonis
1266 724 1435 795 catur
1458 720 1721 811 Qvnurvu

504 840 510 851 .
535 827 972 855 W—
1384 836 2052 867 Μ

537 896 616 951 nos,
638 894 714 959 prae
736 872 861 955 reliquis
881 867 1101 956 philosophiae
1116 870 1270 955 partibus,
1315 891 1387 937 rum
1401 890 1510 937 tamen
1526 868 1727 955 philosophis
1743 866 1942 935 adnumerari
1958 872 2054 939 solet.

536 964 721 1031 dodlrinam
737 959 895 1025 moralem
908 957 1034 1022 summo
1051 954 1154 1023 sludio
1166 956 1270 1023 excul·
1313 958 1484 1045 Ingentem
1499 980 1575 1022 vero
1592 978 1700 1023 rerum
1721 957 1895 1020 moralium
1911 960 1936 1022 is
1955 960 2051 1024 nobis

535 1066 606 1117 tam
628 1047 736 1127 fuisse,
762 1042 911 1119 constat3
936 1043 1025 1124 licet,
1048 1062 1084 1109 vt
1106 1047 1172 1109 iarn
1195 1044 1269 1108 alibi
1313 1048 1441 1131 reliquit
1468 1043 1666 1123 thesaurum,
1691 1041 1843 1128 siquidem
1865 1046 1900 1111 lc
1920 1048 1953 1109 in
1974 1045 2049 1109 ritis

534 1137 792 1211 obseruauimus,
808 1153 904 1198 nemo
919 1133 1110 1215 peculiarem
1122 1127 1269 1215 upudeos
1306 1132 1485 1219 parallelis,
1503 1134 1578 1200 &in
1590 1126 1776 1209 moralibus,
1792 1152 1873 1216 quae
1886 1131 1964 1196 alter
1979 1150 2050 1215 ope-

534 1225 653 1293 sedlam
667 1218 867 1299 condiderit,
882 1218 932 1284 sed
944 1240 1075 1297 omnes,
1097 1219 1153 1303 qui
1167 1214 1207 1281 ad
1222 1216 1268 1281 sa·
1311 1242 1382 1285 rum
1397 1224 1463 1287 eius
1479 1238 1585 1285 tomus
1619 1218 1863 1304 compledlitur,
1885 1241 1955 1283 non
1975 1237 2049 1284 tan·

534 1314 677 1399 pientiae
704 1304 841 1374 studium
868 1309 1015 1371 animum
1042 1302 1269 1383 adiunxerant,
1315 1326 1386 1373 tum
1407 1307 1560 1394 plurima,
1596 1328 1678 1391 quae
1697 1302 1738 1369 ad
1763 1308 1915 1371 virtutem
1937 1304 2049 1371 eonse-

532 1419 637 1466 vnam
666 1418 704 1462 ex
737 1394 928 1481 graecanieis
969 1392 1088 1458 suerint
1123 1390 1270 1475 amplexi.
1314 1394 1576 1474 (landam,vitia
1591 1410 1697 1458 autem
1712 1391 1878 1477 lugienda,
1902 1396 2046 1479 aliquem

533 1486 701 1553 Nonnulli
725 1499 832 1546 tamen
853 1476 893 1544 ad
921 1479 1104 1547 eclellicam
1125 1475 1269 1565 philoso-
1313 1479 1470 1549 adducere
1482 1480 1628 1566 possunt,
1642 1474 1815 1563 congellrt3
1837 1478 1890 1547 sed
1909 1483 2049 1545 aliorum

560 1568 660 1637 handi
670 1571 828 1634 rationem
837 1562 984 1631 accedere
992 1562 1269 1651 videnturlngens
1314 1570 1410 1635 etiam
1426 1566 1696 1653 philosophorum
1709 1567 1800 1653 saepe
1814 1564 1852 1633 de
1873 1566 1954 1633 hisce
1969 1569 2050 1632 reci·

532 1594 592 1725 llic
614 1653 763 1741 equidem
784 1654 813 1718 se
834 1654 946 1730 nobis,
982 1648 1020 1717 de
1044 1652 1269 1717 Romanorum
1313 1656 1410 1735 cauit,
1432 1652 1632 1739 &expendit
1651 1654 1829 1719 sententias.
1873 1656 2048 1741 speciatim

536 1744 604 1813 huc
615 1741 827 1827 spellantibus
840 1738 959 1823 scriptis
969 1736 1151 1819 disserendi,
1167 1741 1268 1823 aperi·
1312 1763 1351 1810 ex
1370 1744 1457 1808 libris
1480 1745 1544 1809 eius
1565 1741 1728 1826 sequentes
1756 1739 1849 1807 huius
1871 1742 1933 1807 loci
1956 1740 2049 1807 sunt:

535 1848 587 1898 ret
600 1849 750 1915 campus,
763 1824 815 1892 sed
827 1828 933 1891 otium
949 1828 1041 1890 nobis
1061 1825 1133 1892 fecit
1147 1829 1196 1891 vir
1210 1822 1269 1891 do·
1311 1830 1460 1915 quomodo
1475 1830 1544 1913 quis
1551 1829 1624 1909 firos
1639 1830 1672 1892 iu
1685 1831 1803 1893 virtute
1818 1830 1965 1912 paranda
1975 1832 2050 1910 stn-

538 1912 693 1987 dlilsrmus
716 1935 863 1982 corre.
894 1933 1112 1991 srouurvs,
1136 1916 1191 2000 qui
1215 1933 1268 1978 co·
1312 1918 1373 1981 tire
1382 1914 1467 2002 poffit
1476 1918 1649 2000 profluus,-
1671 1917 1707 1980 de
1720 1917 1837 1979 virtute
1851 1917 1995 1990 &ultim
2008 1934 2051 1977 ne

537 1999 730 2093 piosrll'rme,
758 1994 1070 2085 diligentillimeque,
1091 1997 1130 2065 de
1153 1998 1269 2064 morali
1303 2005 1446 2087 strauiter
1458 2004 1579 2088 quidem
1594 2003 1660 2065 riui
1669 2002 1745 2089 poff
1748 2002 1910 2084 ferndum
1918 2002 2050 2086 Epicuri
2088 1994 2093 2011 ⁸

537 2089 688 2161 dostrina
702 2090 925 2153 Romanorum
939 2090 1023 2173 egit,
1042 2090 1077 2151 in
1095 2087 1151 2150 der
1169 2085 1270 2172 Histo-
1311 2092 1432 2154 decreta
1447 2113 1460 2167 ,·
1474 2110 1516 2152 nn
1530 2088 1678 2175 ritiostm
1689 2090 1734 2153 ud
1746 2089 1953 2171 infelicitatem
1960 2086 2048 2172 suffi-

539 2174 1049 2261 riederHeydnistlrenMorale,§.
1067 2174 1272 2258 CLVllfiqq.
1314 2178 1395 2254 ciat,
1426 2178 1569 2241 uirtutem
1588 2177 1690 2240 doceri
1706 2175 1802 2261 FOffi'i
1823 2176 1859 2239 de
1877 2173 2052 2239 cohibenda

533 2284 571 2352 p.
584 2263 737 2349 mpfiqq.
781 2260 879 2347 Digni
893 2282 967 2346 prae
989 2263 1097 2326 ceteris
1119 2261 1270 2326 omnibus
1313 2265 1365 2329 ira
1377 2262 1516 2351 dialogus
1532 2265 1596 2334 (sc.
1618 2258 1678 2327 Sed
1691 2267 1786 2326 mitto
1794 2263 1923 2347 reliqua.

539 2352 633 2429 sunt,
647 2369 788 2435 quorum
801 2345 853 2415 hic
864 2349 1023 2414 inliciatur
1038 2350 1174 2426 mentio,
1191 2368 1271 2413 mr.
1402 2348 1570 2432 Quaenam
1578 2351 1707 2414 moralis
1723 2344 1900 2429 dollrinae,
1910 2344 2050 2413 l'euethi·

539 2457 693 2505 cresso
705 2454 1096 2521 atqueruvrnscuvs.
1140 2435 1270 2499 Erillius
1314 2458 1386 2516 cae,
1401 2434 1487 2522 apud
1503 2435 1650 2502 ethnicos
1666 2435 1758 2501 suerit
1774 2439 1876 2515 ratio,
1890 2434 2048 2501 haetenus

538 2522 699 2611 quidem,
744 2542 804 2587 uae
828 2518 881 2587 hic
906 2524 942 2587 in
968 2520 1097 2587 censum
1124 2523 1271 2602 veniunt,
1313 2520 1464 2589 vidimus.
1492 2524 1578 2588 Inter
1592 2520 1776 2587 christianos
1791 2525 1899 2607 primo
1915 2518 2048 2607 quidem

566 2631 665 2693 uaeue
691 2607 731 2674 ad
757 2631 797 2674 uc
824 2606 944 2674 exllant
956 2651 969 2690 ,
999 2608 1160 2693 sequentia
1181 2607 1270 2672 sunt:
1312 2609 1373 2677 sese
1389 2611 1483 2674 nobis
1496 2609 1634 2675 offerunt
1649 2606 1916 2675 veterisecclesrae
1931 2606 2050 2675 dotto·

582 2697 862 2785 finitusonnonun
878 2695 917 2766 εἴ
929 2695 1082 2759 malorum
1095 2696 1167 2759 libri
1181 2696 1271 2780 quin·
1314 2718 1362 2763 res
1378 2743 1388 2776 ,
1404 2716 1485 2782 quos
1500 2714 1604 2782 patres
1612 2712 1739 2762 vocant.
1784 2698 1832 2761 De
1840 2694 1959 2762 horum
1967 2714 2046 2759 vero

539 2805 617 2871 que,
631 2784 787 2867 inquibus
802 2784 948 2866 Epicuri,
961 2784 1142 2847 Stoicorum
1155 2802 1194 2847 ac
1216 2782 1271 2845 Pe·
1314 2780 1441 2862 studiis,
1465 2778 1674 2868 dollrinaque
1695 2783 1829 2862 morali,
1854 2784 1889 2849 ὃς
1911 2778 1991 2867 quid
2007 2778 2047 2847 de

538 2865 833 2955 ripateticorumde
848 2866 1272 2952 summobonosummoque
1314 2868 1520 2935 ethnicorum
1541 2868 1810 2955 philosophorum
1826 2870 1953 2954 placitis
1975 2866 2047 2934 sen·

461 2984 466 2993 ·
537 2956 630 3023 malo
649 2955 816 3021 sententias
835 2952 1008 3039 expendit:
1036 2955 1272 3039 Tusceelunarrem
1313 2956 1429 3035 serint,
1454 2976 1528 3021 cum
1547 2958 1583 3021 iu
1605 2976 1695 3041 parte
1715 2954 1881 3041 posteriori
1895 2955 1992 3020 nobis
2007 2974 2047 3021 ex

486 3092 490 3099 .
537 3041 747 3128 quaestionum
760 3042 834 3107 lilrri
845 3044 992 3127 quinque,
1008 3043 1195 3125 inquorum
1210 3043 1275 3126 pri·
1318 3039 1463 3108 instituto
1479 3038 1651 3108 dicendum
1667 3040 1720 3121 sit,
1744 3064 1831 3109 nunc
1852 3040 1934 3107 nihil
1953 3038 1994 3107 de
2009 3044 2048 3107 iis

538 3150 598 3197 mo
614 3127 653 3196 de
667 3128 884 3193 contemnenda
896 3143 1013 3205 morte,
1028 3128 1129 3194 altero
1146 3125 1185 3193 de
1198 3126 1273 3191 tole·
1315 3126 1472 3195 addimus.
1515 3130 1564 3194 De
1577 3126 1783 3208 scholasticis,
1807 3131 1862 3215 qui
1870 3128 2047 3194 inillorum

539 3216 639 3279 ranelo
655 3214 773 3289 dolore,
790 3216 883 3279 tertio
898 3210 936 3278 de
949 3214 1139 3298 aegritudine
1160 3215 1273 3277 lenitn·
1314 3214 1521 3281 successerunt
1538 3216 1665 3295 locum,
1686 3213 1795 3281 audire
1811 3218 1902 3281 iuuat
1922 3233 1971 3282 ca
1982 3238 2000 3281 u
2012 3235 2048 3282 n.

537 3302 601 3381 ela,
624 3318 739 3386 quarto
753 3299 929 3385 dereliquit
942 3304 1041 3365 animi
1060 3301 1271 3385 perturbatio·
1313 3320 1572 3369 uavossvu:
1603 3302 1716 3366 Eodem
1737 3322 1805 3367 reto
1823 3303 2047 3387 propemodum

537 3386 631 3451 nibus
646 3382 799 3472 disputat,
813 3388 1061 3469 quintoautem,
1075 3386 1271 3451 virtuternob
1312 3403 1464 3474 tempore,
1502 3386 1561 3473 (de
1588 3389 1745 3454 Arabibus
1774 3406 1866 3454 antea
1889 3390 2047 3475 loquutus

537 3472 840 3555 berteviuendurnse
851 3472 972 3561 ipstrff‘
985 3490 1171 3555 contentam,
1181 3475 1270 3538 euin·
1312 3476 1397 3559 erat)
1418 3496 1487 3539 tum
1501 3474 1718 3561 exorrnfurfft
1726 3475 1905 3563 sclrolrsticu
1917 3476 2048 3541 docendi

537 3559 650 3634 citede
663 3558 778 3644 legibus
800 3558 873 3624 libri
891 3576 971 3641 tres,
993 3564 1049 3647 qui
1071 3558 1111 3626 ad
1133 3556 1266 3644 pruden·
1310 3562 1489 3642 methodus,
1504 3560 1700 3626 multietium
1721 3563 1938 3646 lrocscrilreneli
1950 3582 2049 3649 gene-

537 3648 618 3713 tiam
633 3647 761 3711 ciuilem
773 3645 879 3711 referri
888 3646 1076 3731 pollunt3de
1087 3645 1270 3734 offitiislilrri
1310 3669 1344 3712 rt
1358 3649 1474 3713 eosdem
1485 3646 1652 3713 ethicorum
1668 3646 2048 3733 (Aristotelis)lilrrosex-

535 3748 610 3811 tres,
625 3729 789 3817 dequibus
802 3730 960 3812 dicemus,
978 3756 1052 3799 cum
1067 3731 1268 3818 deiurispru·
1304 3734 1482 3821 plicarunt,
1508 3751 1566 3798 aut
1578 3734 1685 3818 potius
1705 3736 1934 3817 inquinarunt,
1953 3752 1992 3801 ot
2006 3736 2045 3801 li-

536 3816 646 3885 dentia
674 3819 811 3885 naturali
827 3819 923 3883 verba
948 3819 1118 3895 faciemuse
1149 3840 1265 3905 porro:
1308 3821 1415 3884 lenter
1428 3822 1556 3885 elicerem
1565 3866 1575 3901 ‚
1581 3820 1614 3907 st
1621 3837 1684 3886 tres
1698 3820 1775 3884 milri
1791 3844 1828 3884 ex
1843 3824 2044 3905 ipsorumme-

535 3910 614 3971 Cato
629 3906 747 3983 maior,
761 3904 813 3969 seu
825 3904 862 3967 ele
874 3906 1044 3985 strettun,
1059 3905 1194 3985 laelius,
1214 3904 1269 3971 seu
1309 3928 1393 3972 mero
1408 3908 1543 3991 excepere
1556 3908 1663 3989 licent,
1685 3908 1770 3971 omni
1790 3908 1880 3972 laude
1899 3932 1937 3974 etc
1959 3932 2045 3975 com·

535 3992 573 4056 ele
592 3993 756 4069 amititia,
777 3990 812 4056 &
827 3991 994 4073 paradoxa
1016 3994 1187 4058 Stoicorum
1200 3994 1268 4074 st’x.
1308 3995 1502 4057 mendatione
1515 3997 1663 4072 entiores,
1678 4014 1783 4080 nempe
1798 3995 2046 4063 Allerrumltte·

535 4078 728 4144 Interlibros
744 4098 969 4143 cresuours
985 4075 1164 4161 deperditos
1178 4075 1265 4145 haud
1302 4100 1419 4165 gnum,
1435 4082 1542 4145 cliuum
1562 4081 1726 4159 Thomum,
1749 4084 1787 4152 ω’
1800 4084 1963 4169 Argilium
1979 4088 2045 4149 Ro-

507 4223 513 4231 .
535 4162 631 4231 dubie
656 4164 720 4229 huc
752 4161 932 4229 referendus
958 4163 1062 4231 suisset
1085 4166 1264 4249 Horttustus
1306 4188 1451 4248 manum,
1469 4169 1637 4252 quiminus
1645 4167 1751 4251 paullo
1765 4189 1859 4253 quam
1880 4174 1972 4237 ceteri
1994 4171 2046 4235 in·

535 4251 619 4331 eius,
636 4249 699 4316 srue
717 4248 754 4316 de
762 4249 965 4335 philofirpbis,
980 4273 1076 4336 quem
1091 4252 1213 4339 periisse
1224 4272 1264 4317 eo
1307 4255 1437 4336 quinnte
1450 4255 1542 4319 locuti
1545 4256 1631 4336 fient,
1649 4255 1760 4318 iudicio
1776 4277 1869 4336 vero,
1886 4258 2046 4339 dotrina,

534 4339 636 4420 magis
658 4334 854 4416 dolendum,
880 4335 968 4422 quod
997 4359 1263 4418 avcvsrruvs,
1298 4339 1488 4420 stultilinrtc,
1502 4342 1575 4403 adeo
1584 4342 1681 4425 stupra
1695 4362 1810 4405 morem
1826 4344 1979 4427 &saturn
1987 4345 2045 4429 sue'

535 4424 601 4487 eius
616 4421 752 4486 lellione
759 4422 789 4488 se
804 4420 983 4505 indultum,
992 4424 1161 4505 fatetur,vt
1173 4446 1264 4489 men·
1297 4426 1414 4509 fleeculi
1426 4425 1643 4507 excelluerunt,
1664 4444 1718 4508 vt,
1725 4427 1760 4512 st
1767 4448 1872 4513 pauca
1883 4432 1986 4497 demes
2003 4452 2046 4496 ex

533 4524 599 4574 tem
621 4507 787 4572 meliorem
807 4507 969 4586 induerem
992 4512 1045 4577 lib.
1067 4516 1125 4577 111.
1149 4510 1266 4597 confcffi
1305 4510 1428 4577 Albertr'
1440 4512 1534 4592 libro,
1555 4514 1592 4577 de
1609 4512 1737 4600 historia
1748 4516 1946 4599 animalium,
1959 4517 2050 4584 nihil

532 4596 716 4676 c.1V.conf.
734 4595 767 4659 &
780 4594 832 4658 lib.
851 4600 938 4661 VIII.
947 4619 972 4661 c.
995 4601 1066 4666 Vll.
1085 4617 1261 4665 aeturnu-
1303 4618 1454 4681 vmquam
1468 4618 1517 4662 eos
1528 4602 1643 4683 inepte,
1657 4600 1742 4666 nibil
1751 4622 1813 4666 non
1828 4604 1914 4671 delle
1928 4606 1967 4677 θ’
1983 4606 2044 4689 fit·

533 4700 655 4764 curs,
679 4676 734 4751 etsi
755 4699 865 4770 graece
884 4682 1055 4772 scripserit,
1092 4686 1259 4758 Romano·
1296 4684 1422 4773 pienttr
1434 4686 1614 4777 protuliffe,
1636 4688 1801 4777 unicuique
1819 4692 1854 4756 in
1874 4713 1980 4760 eorum
2001 4691 2048 4757 le-

1941 4780 2047 4851 lliont
