5259 5967
506 704 572 793 35'6
727 702 859 771 LIBRI
887 695 1233 769 POSTERIORIS
1256 692 1426 758 CAPV's
1454 686 1752 757 SECVNDVM

403 846 408 859 ’
505 856 626 925 llriroe
631 849 849 939 symbolorum,
867 844 1152 933 antiquqsmorum,
1187 845 1236 910 ιη’
1278 862 1314 910 ta
1322 842 1613 933 ſj=mholororrqfine
1629 839 2027 931 confqffiomomfidri,qrm

506 944 548 1014 θ’
561 940 749 1020 recentioris,
756 940 812 1022 stro
823 935 1018 1023 Aegusam
1039 930 1234 1018 consefflonr's,
1278 934 1312 998 iro
1327 934 1421 997 reteri
1434 930 1551 1016 ecclrfit
1567 930 1639 995 inde
1652 951 1673 994 o
1689 932 1804 1017 prioris
1814 932 1950 1014 ,sanese
1971 952 2025 999 rs-

507 1048 526 1095 a
540 1022 610 1093 filio
624 1030 690 1092 eius
704 1047 756 1095 ro.
778 1042 1065 1101 οιιτιιιειιιε,
1080 1042 1132 1085 an.
1151 1022 1236 1099 1690
1279 1040 1338 1106 que
1351 1019 1396 1084 od
1406 1016 1627 1099 duodecimum,
1641 1016 1800 1093 boerrrr'cr‘,
1816 1018 1866 1085 rel
1874 1020 1945 1083 vr'ro'
1958 1020 2022 1085 olii

506 1112 608 1189 edita,
629 1111 669 1182 de
683 1133 746 1200 qua
757 1128 866 1179 tamen
879 1108 963 1177 rede
982 1130 1088 1177 arcun.
1110 1126 1235 1173 rueru-
1275 1106 1568 1206 parrilrusfiospello',
1582 1106 1861 1206 intarroserſjom
1874 1107 2025 1188 defircris

505 1194 1239 1371 llll¹22².“J.‘.¹.-³,‘;ll,'¹ll.:l2⁰illm
1281 1193 1893 1360 lillis.lllllaqllzldla
1906 1192 2023 1349 lili:

505 1374 630 1441 beorum
651 1379 820 1452 tollerem,
859 1372 938 1435 mibi
952 1370 1167 1455 perstrodram3
1202 1370 1239 1432 in
1282 1366 1351 1433 scos
1368 1366 1744 1452 suspeeiommlymbolis
1758 1389 1794 1433 ac
1811 1362 2023 1436 confessioni-

504 1463 560 1527 der
588 1456 974 1549 brstoriscb-rheologiselrrn
1002 1456 1178 1541 Einler'tong
1197 1471 1240 1518 zo
1282 1457 1352 1536 bus,
1367 1456 1469 1519 multa
1484 1452 1680 1522 adcurate&
1703 1474 1772 1540 egre
1793 1456 1823 1519 ie
1843 1452 2022 1521 obseruan-

504 1550 600 1613 denen
617 1547 833 1634 symbolisclren
854 1543 1015 1630 Schriffien
1034 1543 1088 1607 der
1110 1560 1239 1628 ruorgr·
1282 1560 1349 1608 tur.
1395 1540 1516 1606 Prodiit
1531 1544 1673 1627 primurn
1697 1475 1823 1607 seorsm
1845 1540 2021 1609 Rostoclni

504 1632 803 1721 lo'scb-Lutherischerr
824 1630 968 1711 liirchen,
982 1651 1008 1696 c.
1022 1634 1048 1695 l.
1061 1640 1096 1711 ς.
1119 1631 1193 1695 Xll.
1203 1645 1238 1713 p.
1280 1651 1333 1695 an.
1356 1632 1450 1709 1706,
1466 1624 1580 1695 deinde
1595 1629 1804 1713 opusculorum
1824 1632 1890 1693 eius
1907 1632 2020 1710 sacro-

504 1743 531 1801 5.
575 1723 774 1808 Cumprimis
788 1739 898 1785 autem
913 1716 966 1784 hie
985 1712 1145 1783 laudanda
1163 1736 1238 1783 ecc.
1280 1737 1351 1782 rum
1361 1735 1442 1779 tomo
1453 1718 1556 1800 primo
1570 1718 1687 1782 inserta
1701 1714 1756 1796 eli,
1766 1737 1800 1800 p.
1814 1722 1878 1797 164.
1884 1718 1974 1802 fiqq.

504 1830 578 1875 zon
588 1829 647 1875 uir
662 1828 746 1872 nouo
758 1807 890 1873 collelir'o
904 1805 977 1891 plus
988 1824 1083 1890 qoam
1089 1804 1237 1890 sexagin-

614 1912 645 2011 §.
662 1914 705 1989 ll.
775 1911 812 1989 ui
835 1909 1091 2013 symbolorum
1119 1903 1267 2007 vestigia
1293 1906 1335 1999 in
1358 1905 1453 1984 sacra
1479 1906 1655 2008 scriptura
1682 1906 1716 1983 se
1739 1905 1932 2001 inuenisse,
1954 1906 2020 1985 fibi

504 2009 736 2116 persuadent,
761 2038 780 2086 a
829 2033 951 2086 veram
965 2034 1006 2086 ac
1027 2006 1226 2109 genuinam
1246 2003 1356 2082 huius
1380 2007 1482 2082 vocis
1506 2005 1806 2105 significationem
1830 2031 1912 2083 non
1937 2004 2020 2085 satis

505 2109 706 2202 attendisse,
720 2108 902 2185 videntur.
928 2112 944 2147 ¹*
993 2105 1066 2182 Sed
1079 2102 1129 2197 dr,
1172 2100 1251 2179 uod
1264 2102 1485 2202 apostolicum
1500 2126 1665 2195 vocatur,
1682 2106 1724 2180 ab
1741 2104 1822 2207 iplis
1837 2105 2016 2207 apostolis

506 2234 588 2285 non
602 2206 672 2283 ess'e
686 2202 1086 2308 confelhrm,posrtum
1102 2129 1219 2279 hodie
1232 2201 1285 2277 est
1298 2226 1401 2280 extra
1415 2202 1711 2280 controuersiam.
1738 2212 1771 2244 **

593 2324 609 2360 ⁸
629 2324 712 2387 Non
725 2339 852 2387 tantum
861 2322 897 2385 in
910 2340 1014 2399 nouo,
1032 2313 1086 2384 sed
1100 2318 1239 2382 omnino
1285 2333 1351 2385 tem
1366 2317 1517 2402 scriptura
1532 2317 1615 2382 sacra
1630 2316 1854 2403 symbolorum
1869 2318 2021 2403 exempla

505 2412 572 2476 iam
584 2409 621 2474 in
640 2412 742 2476 veteri
756 2404 960 2486 testamento,
974 2403 993 2469 s
1007 2404 1194 2470 mbolorurn
1208 2402 1240 2469 se
1282 2426 1354 2470 non
1374 2401 1541 2479 exhibeat,
1576 2403 1765 2469 eorumdem
1793 2424 1902 2469 tamen
1924 2404 2020 2471 vsum

505 2494 659 2563 inuenisse
686 2492 832 2583 vestigia,
871 2427 1021 2559 nonnulli
1048 2487 1239 2558 existimant.
1281 2489 1456 2559 inecclesra
1471 2486 1836 2574 antiquiffimumfuille,
1852 2488 2019 2558 exdicen·

507 2579 610 2648 Valde
619 2600 727 2649 autem
742 2580 868 2661 dubito,
884 2602 926 2645 an
938 2575 1237 2664 id,quodcupiunt,
1281 2575 1330 2643 dis
1350 2579 1481 2663 patebit.
1547 2575 1639 2642 Vnde
1660 2580 1734 2658 illis,
1774 2581 1829 2663 qui
1849 2578 2015 2663 originem

506 2671 651 2736 euincere
670 2687 800 2753 queant.
844 2668 1023 2745 Nimirum,
1042 2664 1236 2745 Ger.1V,el.
1279 2663 1503 2751 symbolorum
1517 2686 1554 2727 ex
1579 2683 1697 2749 papatu
1719 2681 1876 2749 repetunt,
1896 2662 2016 2731 lirffra·

505 2752 546 2823 de
565 2754 670 2819 cultus
687 2753 802 2834 diuini,
823 2754 857 2820 δι
878 2749 1009 2838 quidem
1031 2751 1162 2836 publici,
1179 2766 1236 2815 aut
1321 2754 1347 2817 ri
1361 2772 1500 2836 nequeo.
1567 2747 1723 2836 Legenda,
1745 2772 1827 2836 quae
1842 2748 1902 2815 hae
1921 2748 1963 2818 de
1979 2770 2016 2819 re

506 2836 762 2922 introductione,
779 2857 836 2906 aut
854 2839 1095 2918 restauratione,
1117 2837 1235 2903 sermo-
1303 2836 1398 2904 ilserit
1413 2860 1459 2902 ιο.
1486 2859 1615 2903 nunu.
1638 2859 1678 2902 an
1702 2858 1866 2915 mswrcu,
1884 2834 1924 2903 de
1939 2838 2016 2902 reli·

506 2948 582 2995 nem
596 2928 668 3010 esse,
686 2924 774 2995 haud
786 2929 884 2993 inuiti
897 2928 1069 3013 largimur‚·
1087 2921 1151 3004 sed,
1167 2942 1235 3008 quo
1277 2926 1360 3011 quiis
1369 2940 1505 3009 papatus
1529 2922 1662 3007 ecclefire
1681 2924 1880 2989 lutheranae
1897 2939 2014 2989 temere

506 3015 603 3101 palio
621 3012 695 3083 inde
708 3014 865 3102 sequatur,
885 3011 1068 3101 symbolum
1091 3004 1236 3095 aliquod,
1279 3011 1410 3098 adfiliu,
1426 3031 1452 3074 c.
1469 3013 1526 3075 ΙΙΙ.
1548 3022 1582 3091 ς,
1600 3014 1670 3077 Xll.
1680 3032 1712 3095 p.
1727 3032 1768 3092 55.

506 3104 557 3168 seu
572 3100 746 3167 formulam
758 3098 832 3166 fidei
847 3102 1077 3166 concinnatam
1091 3094 1162 3177 else,
1184 3114 1237 3160 me
1368 3099 1397 3133 ⁸
1418 3098 1456 3161 ln
1469 3096 1628 3185 symbolo,
1648 3096 1738 3183 quod
1759 3116 1907 3177 vocatur,
1932 3117 2014 3182 apo·

506 3187 680 3273 perspicere
696 3207 766 3250 non
787 3184 886 3270 polle,
903 3184 1015 3250 fateor.
1080 3184 1120 3249 In
1134 3182 1237 3249 verbis
1280 3179 1405 3261 llolico,
1419 3184 1459 3248 ab
1478 3181 1550 3269 ipsis
1563 3183 1717 3269 apostolis
1733 3183 2014 3269 summamquam·

506 3268 648 3350 Noachi,
665 3276 741 3335 Gen.
757 3275 812 3350 IX,
826 3290 872 3347 ²5·
887 3278 931 3336 τό.
945 3272 1133 3336 vaticinium
1147 3270 1238 3354 equi·
1280 3268 1356 3336 dam
1382 3267 1548 3335 dolitinae
1582 3267 1767 3337 christianae
1792 3270 2011 3356 comprehen-

507 3356 582 3423 dem
596 3356 781 3443 prorsusegr
820 3359 900 3436 ium,
914 3374 947 3423 at
955 3378 1026 3421 non
1040 3355 1236 3443 symbolum,
1278 3356 1346 3422 sam
1359 3355 1459 3435 soille,
1476 3359 1616 3443 plurimi,
1639 3377 1813 3442 praeeunte
1828 3378 2012 3439 aunnosro,

507 3442 561 3512 seu
575 3442 748 3509 formulam
769 3439 791 3508 fi
815 3447 843 3511 ei
863 3439 1079 3529 deprehendo.
1149 3443 1236 3507 Cum
1279 3464 1679 3525 nvrr1u0,1srnono‚
1706 3442 1760 3509 sibi
1781 3444 2012 3530 persuaserunt.

506 3532 604 3596 oller.
618 3533 737 3609 XVIII,
751 3552 797 3612 ²5·
813 3528 852 3597 de
866 3531 987 3616 Apollo
1005 3526 1131 3609 dicitur,
1147 3524 1236 3615 quod
1278 3532 1319 3597 Et
1333 3532 1408 3595 licet
1427 3526 1466 3596 dc
1486 3549 1630 3614 tempore
1650 3533 1734 3595 inter
1746 3532 1775 3595 se
1797 3552 1868 3595 non
1887 3552 2012 3599 conue-

506 3636 635 3683 tantum
647 3616 772 3683 sciuerit
787 3618 981 3704 baptismum
998 3617 1146 3689 Ioannis;
1168 3635 1237 3679 non
1279 3620 1389 3691 nianta
1412 3620 1554 3702 plerique
1569 3636 1677 3681 tamen
1692 3620 1726 3682 in
1742 3640 1812 3682 earn
1824 3616 2011 3703 ingrediun-

506 3705 628 3783 abnuo,
663 3700 727 3770 hoc
751 3706 786 3772 &
801 3702 840 3771 de
861 3702 1007 3770 dolirioa
1029 3704 1161 3767 Ioannis
1179 3703 1233 3767 ba·
1277 3724 1331 3770 tur
1351 3704 1552 3778 sententiam,
1577 3706 1664 3769 breui
1686 3725 1757 3769 ante
1780 3701 2011 3789 dispersionem

507 3788 620 3877 ptistne
645 3789 704 3857 else
725 3787 986 3875 intelligendum,
1021 3786 1103 3853 hanc
1125 3807 1233 3852 autern
1275 3787 1496 3876 apostolorum
1531 3788 1712 3873 symbolum
1749 3788 1850 3855 hocce
1873 3795 1913 3856 ab
1946 3794 2008 3857 illis

507 3875 595 3963 quod
608 3896 692 3943 cerm
706 3876 845 3941 lbrnurla
863 3876 916 3941 seu
929 3875 1077 3963 symbolo
1092 3872 1235 3957 comple·
1277 3874 1366 3941 fuisse
1382 3875 1567 3955 conditum,
1605 3896 1639 3941 vr
1665 3874 1761 3940 inllar
1775 3877 1901 3943 tesserae
1924 3880 2010 3959 esset,

507 3986 565 4031 xus
591 3964 697 4045 fuecit,
717 3985 816 4030 nemo
834 3982 951 4030 temere
966 3960 1022 4028 libi
1038 3959 1234 4047 persuaserit.
1300 3986 1341 4027 ua
1356 3961 1497 4049 dignosci
1514 3964 1711 4047 poli'ent,qni
1722 3961 1936 4048 apostolicam
1950 3966 2009 4033 do-

443 4120 446 4125 ,
508 4052 622 4118 l’aulus
648 4053 722 4117 Ξὺν.
755 4054 810 4130 Vl,
828 4071 851 4116 ι.
886 4052 1055 4137 praecipua
1075 4044 1233 4145 quaedam
1277 3984 1425 4129 lerinam,
1450 4071 1584 4134 eamque
1608 4053 1793 4134 genuinam,
1822 4052 2011 4119 essentem·

508 4136 674 4206 dodirinae
696 4135 882 4204 christianae
913 4139 1018 4220 capita
1042 4139 1153 4209 relect,
1175 4136 1232 4285 qui
1277 4138 1410 4223 plexuri.
1456 4137 1650 4202 Communis
1669 4135 1878 4204 serehaecest
1899 4162 2009 4206 roma·

509 4247 586 4289 vero
601 4244 725 4309 putam,
740 4246 814 4290 eum
829 4224 849 4289 s
864 4224 1012 4289 mbolum
1023 4218 1166 4307 aliquod,
1192 4242 1232 4287 eu
1276 4218 1420 4289 nenfium
1441 4228 1565 4308 opinio,
1590 4226 1674 4288 cuie
1693 4222 1884 4291 nostratibus
1903 4244 2009 4293 centu-

510 4308 683 4375 sormulam
703 4305 774 4377 fidei
790 4246 912 4377 tradere
926 4307 1069 4385 voluisse,
1085 4329 1153 4373 non
1167 4329 1233 4375 cer·
1275 4313 1408 4373 riatores
1421 4311 1698 4396 Mogdelrurgensrs,
1713 4330 1828 4374 centur.
1844 4317 1869 4377 1.
1893 4313 1950 4380 lib.
1966 4317 2008 4382 11.

509 4398 586 4460 riori
607 4400 754 4463 nituntur
777 4395 1011 4472 fundamento,
1056 4417 1154 4480 quam
1171 4396 1232 4473 illi,
1271 4416 1305 4481 p.
1320 4400 1364 4460 66.
1381 4399 1413 4463 δι
1430 4394 1576 4482 deinceps
1595 4397 1643 4462 illi
1669 4400 1855 4482 cumprimis
1875 4400 2008 4469 accesse-

510 4484 565 4565 qui
579 4477 1231 4569 exiisdemverbiscompendiumaliquod,
1276 4504 1350 4548 runt
1378 4487 1445 4568 qui,
1467 4504 1580 4547 omnes
1601 4504 1655 4549 eos
1676 4486 1712 4548 in
1730 4482 1947 4555 lundamento
1972 4484 2009 4555 fi·

507 4588 563 4631 aut
580 4564 709 4653 systema
730 4569 960 4657 theologicum,
982 4569 1158 4653 exsculpere
1175 4589 1233 4634 co·
1276 4568 1326 4634 dei
1341 4570 1531 4641 consentire,
1545 4566 1791 4649 contenderunt,
1806 4578 1863 4658 qui
1879 4574 2010 4664 symbo-

511 4670 638 4723 nantur.
682 4655 744 4723 sed
763 4660 859 4721 mitro
878 4658 1008 4745 reliqua.
1073 4657 1162 4723 Licet
1176 4676 1232 4722 au·
1276 4656 1398 4727 lohuic
1412 4654 1618 4725 subscribunt.
1662 4659 1774 4741 Porro,
1796 4657 2009 4745 admodum,

326 5031 504 5290 ΡΝ
